ts_recv,ts_event,rtype,publisher_id,instrument_id,action,side,depth,price,size,flags,ts_in_delta,sequence,bid_px_00,ask_px_00,bid_sz_00,ask_sz_00,bid_ct_00,ask_ct_00,bid_px_01,ask_px_01,bid_sz_01,ask_sz_01,bid_ct_01,ask_ct_01,bid_px_02,ask_px_02,bid_sz_02,ask_sz_02,bid_ct_02,ask_ct_02,bid_px_03,ask_px_03,bid_sz_03,ask_sz_03,bid_ct_03,ask_ct_03,bid_px_04,ask_px_04,bid_sz_04,ask_sz_04,bid_ct_04,ask_ct_04,bid_px_05,ask_px_05,bid_sz_05,ask_sz_05,bid_ct_05,ask_ct_05,bid_px_06,ask_px_06,bid_sz_06,ask_sz_06,bid_ct_06,ask_ct_06,bid_px_07,ask_px_07,bid_sz_07,ask_sz_07,bid_ct_07,ask_ct_07,bid_px_08,ask_px_08,bid_sz_08,ask_sz_08,bid_ct_08,ask_ct_08,bid_px_09,ask_px_09,bid_sz_09,ask_sz_09,bid_ct_09,ask_ct_09,symbol
2025-01-03T10:30:00.058104540Z,2025-01-03T10:30:00.057938557Z,10,2,17709,C,A,1,107.940000000,17,130,165983,4825026,107.660000000,107.880000000,15,400,1,2,107.640000000,107.950000000,100,10,1,1,107.600000000,108.000000000,50,150,1,2,107.000000000,108.300000000,1,50,1,1,106.240000000,108.550000000,28,50,1,1,106.000000000,108.800000000,15,50,2,1,105.870000000,108.880000000,141,28,1,1,103.180000000,109.450000000,16,137,1,1,103.000000000,109.500000000,3,100,1,1,102.000000000,111.000000000,2,10,1,1,XOM
2025-01-03T10:30:00.058205915Z,2025-01-03T10:30:00.058039541Z,10,2,17709,A,A,2,107.960000000,16,130,166374,4825027,107.660000000,107.880000000,15,400,1,2,107.640000000,107.950000000,100,10,1,1,107.600000000,107.960000000,50,16,1,1,107.000000000,108.000000000,1,150,1,2,106.240000000,108.300000000,28,50,1,1,106.000000000,108.550000000,15,50,2,1,105.870000000,108.800000000,141,50,1,1,103.180000000,108.880000000,16,28,1,1,103.000000000,109.450000000,3,137,1,1,102.000000000,109.500000000,2,100,1,1,XOM
2025-01-03T10:30:00.121104581Z,2025-01-03T10:30:00.120938407Z,10,2,6905,C,A,1,91.960000000,100,130,166174,4825418,91.520000000,91.930000000,7,7,1,1,91.480000000,93.000000000,150,1,1,1,91.440000000,94.000000000,100,1,1,1,90.000000000,95.000000000,122,2,1,2,89.000000000,96.000000000,1,1,1,1,83.810000000,97.000000000,100,2,1,2,83.400000000,99.950000000,100,100,1,1,,100.360000000,0,100,0,1,,,0,0,0,0,,,0,0,0,0,GILD
2025-01-03T10:30:00.121118315Z,2025-01-03T10:30:00.120951956Z,10,2,6905,A,A,1,92.040000000,100,130,166359,4825419,91.520000000,91.930000000,7,7,1,1,91.480000000,92.040000000,150,100,1,1,91.440000000,93.000000000,100,1,1,1,90.000000000,94.000000000,122,1,1,1,89.000000000,95.000000000,1,2,1,2,83.810000000,96.000000000,100,1,1,1,83.400000000,97.000000000,100,2,1,2,,99.950000000,0,100,0,1,,100.360000000,0,100,0,1,,,0,0,0,0,GILD
2025-01-03T10:30:00.122933807Z,2025-01-03T10:30:00.122767682Z,10,2,6905,C,A,0,91.930000000,7,130,166125,4825429,91.520000000,92.040000000,7,100,1,1,91.480000000,93.000000000,150,1,1,1,91.440000000,94.000000000,100,1,1,1,90.000000000,95.000000000,122,2,1,2,89.000000000,96.000000000,1,1,1,1,83.810000000,97.000000000,100,2,1,2,83.400000000,99.950000000,100,100,1,1,,100.360000000,0,100,0,1,,,0,0,0,0,,,0,0,0,0,GILD
2025-01-03T10:30:00.122997978Z,2025-01-03T10:30:00.122831666Z,10,2,6905,A,A,0,91.940000000,7,130,166312,4825431,91.520000000,91.940000000,7,7,1,1,91.480000000,92.040000000,150,100,1,1,91.440000000,93.000000000,100,1,1,1,90.000000000,94.000000000,122,1,1,1,89.000000000,95.000000000,1,2,1,2,83.810000000,96.000000000,100,1,1,1,83.400000000,97.000000000,100,2,1,2,,99.950000000,0,100,0,1,,100.360000000,0,100,0,1,,,0,0,0,0,GILD
2025-01-03T10:30:00.132223106Z,2025-01-03T10:30:00.132057097Z,10,2,6905,C,B,0,91.520000000,7,130,166009,4825461,91.480000000,91.940000000,150,7,1,1,91.440000000,92.040000000,100,100,1,1,90.000000000,93.000000000,122,1,1,1,89.000000000,94.000000000,1,1,1,1,83.810000000,95.000000000,100,2,1,2,83.400000000,96.000000000,100,1,1,1,,97.000000000,0,2,0,2,,99.950000000,0,100,0,1,,100.360000000,0,100,0,1,,,0,0,0,0,GILD
2025-01-03T10:30:00.132284264Z,2025-01-03T10:30:00.132117518Z,10,2,6905,A,B,2,91.430000000,7,130,166746,4825462,91.480000000,91.940000000,150,7,1,1,91.440000000,92.040000000,100,100,1,1,91.430000000,93.000000000,7,1,1,1,90.000000000,94.000000000,122,1,1,1,89.000000000,95.000000000,1,2,1,2,83.810000000,96.000000000,100,1,1,1,83.400000000,97.000000000,100,2,1,2,,99.950000000,0,100,0,1,,100.360000000,0,100,0,1,,,0,0,0,0,GILD
2025-01-03T10:30:00.158721091Z,2025-01-03T10:30:00.158555208Z,10,2,17709,C,B,0,107.660000000,15,130,165883,4825555,107.640000000,107.880000000,100,400,1,2,107.600000000,107.950000000,50,10,1,1,107.000000000,107.960000000,1,16,1,1,106.240000000,108.000000000,28,150,1,2,106.000000000,108.300000000,15,50,2,1,105.870000000,108.550000000,141,50,1,1,103.180000000,108.800000000,16,50,1,1,103.000000000,108.880000000,3,28,1,1,102.000000000,109.450000000,2,137,1,1,101.000000000,109.500000000,1,100,1,1,XOM
2025-01-03T10:30:00.158779618Z,2025-01-03T10:30:00.158613120Z,10,2,17709,A,B,0,107.680000000,16,130,166498,4825556,107.680000000,107.880000000,16,400,1,2,107.640000000,107.950000000,100,10,1,1,107.600000000,107.960000000,50,16,1,1,107.000000000,108.000000000,1,150,1,2,106.240000000,108.300000000,28,50,1,1,106.000000000,108.550000000,15,50,2,1,105.870000000,108.800000000,141,50,1,1,103.180000000,108.880000000,16,28,1,1,103.000000000,109.450000000,3,137,1,1,102.000000000,109.500000000,2,100,1,1,XOM
2025-01-03T10:30:00.180719955Z,2025-01-03T10:30:00.180553822Z,10,2,6905,A,A,1,92.000000000,100,130,166133,4825768,91.480000000,91.940000000,150,7,1,1,91.440000000,92.000000000,100,100,1,1,91.430000000,93.000000000,7,1,1,1,90.000000000,94.000000000,122,1,1,1,89.000000000,95.000000000,1,2,1,2,83.810000000,96.000000000,100,1,1,1,83.400000000,97.000000000,100,2,1,2,,99.950000000,0,100,0,1,,100.360000000,0,100,0,1,,,0,0,0,0,GILD
2025-01-03T10:30:00.230342154Z,2025-01-03T10:30:00.230176242Z,10,2,17709,C,B,0,107.680000000,16,130,165912,4825928,107.640000000,107.880000000,100,400,1,2,107.600000000,107.950000000,50,10,1,1,107.000000000,107.960000000,1,16,1,1,106.240000000,108.000000000,28,150,1,2,106.000000000,108.300000000,15,50,2,1,105.870000000,108.550000000,141,50,1,1,103.180000000,108.800000000,16,50,1,1,103.000000000,108.880000000,3,28,1,1,102.000000000,109.450000000,2,137,1,1,101.000000000,109.500000000,1,100,1,1,XOM
2025-01-03T10:30:00.269689882Z,2025-01-03T10:30:00.269523481Z,10,2,9155,A,A,1,242.460000000,8,130,166401,4826017,242.020000000,242.400000000,120,485,1,1,242.000000000,242.460000000,200,8,1,1,241.670000000,242.500000000,2,8,1,1,241.000000000,242.850000000,100,300,1,2,240.000000000,242.900000000,10,100,1,1,238.000000000,243.000000000,30,92,1,2,236.000000000,243.310000000,6,10,1,1,235.500000000,243.700000000,5,100,1,1,235.000000000,246.810000000,5,100,1,1,232.880000000,262.740000000,1,100,1,1,JPM
2025-01-03T10:30:00.269723921Z,2025-01-03T10:30:00.269557924Z,10,2,9155,C,A,2,242.500000000,8,130,165997,4826018,242.020000000,242.400000000,120,485,1,1,242.000000000,242.460000000,200,8,1,1,241.670000000,242.850000000,2,300,1,2,241.000000000,242.900000000,100,100,1,1,240.000000000,243.000000000,10,92,1,2,238.000000000,243.310000000,30,10,1,1,236.000000000,243.700000000,6,100,1,1,235.500000000,246.810000000,5,100,1,1,235.000000000,262.740000000,5,100,1,1,232.880000000,263.830000000,1,100,1,1,JPM
2025-01-03T10:30:00.533926749Z,2025-01-03T10:30:00.533760395Z,10,2,10888,C,B,0,420.730000000,200,130,166354,4826450,420.620000000,421.250000000,15,200,1,1,420.580000000,421.310000000,10,13,1,1,420.520000000,421.490000000,1,6,1,1,420.400000000,421.570000000,858,40,1,1,420.380000000,421.600000000,100,10,1,1,420.100000000,421.700000000,100,359,1,1,420.000000000,422.100000000,534,7,7,1,419.730000000,422.400000000,3,500,1,1,418.650000000,422.500000000,1,200,1,1,418.500000000,423.500000000,1,600,1,2,MSFT
2025-01-03T10:30:00.533940017Z,2025-01-03T10:30:00.533773233Z,10,2,10888,A,B,0,420.690000000,200,130,166784,4826451,420.690000000,421.250000000,200,200,1,1,420.620000000,421.310000000,15,13,1,1,420.580000000,421.490000000,10,6,1,1,420.520000000,421.570000000,1,40,1,1,420.400000000,421.600000000,858,10,1,1,420.380000000,421.700000000,100,359,1,1,420.100000000,422.100000000,100,7,1,1,420.000000000,422.400000000,534,500,7,1,419.730000000,422.500000000,3,200,1,1,418.650000000,423.500000000,1,600,1,2,MSFT
2025-01-03T10:30:00.534044225Z,2025-01-03T10:30:00.533878528Z,10,2,10888,C,B,0,420.690000000,200,130,165697,4826452,420.620000000,421.250000000,15,200,1,1,420.580000000,421.310000000,10,13,1,1,420.520000000,421.490000000,1,6,1,1,420.400000000,421.570000000,858,40,1,1,420.380000000,421.600000000,100,10,1,1,420.100000000,421.700000000,100,359,1,1,420.000000000,422.100000000,534,7,7,1,419.730000000,422.400000000,3,500,1,1,418.650000000,422.500000000,1,200,1,1,418.500000000,423.500000000,1,600,1,2,MSFT
2025-01-03T10:30:00.534056838Z,2025-01-03T10:30:00.533890197Z,10,2,10888,A,B,0,420.660000000,200,130,166641,4826453,420.660000000,421.250000000,200,200,1,1,420.620000000,421.310000000,15,13,1,1,420.580000000,421.490000000,10,6,1,1,420.520000000,421.570000000,1,40,1,1,420.400000000,421.600000000,858,10,1,1,420.380000000,421.700000000,100,359,1,1,420.100000000,422.100000000,100,7,1,1,420.000000000,422.400000000,534,500,7,1,419.730000000,422.500000000,3,200,1,1,418.650000000,423.500000000,1,600,1,2,MSFT
2025-01-03T10:30:00.865950028Z,2025-01-03T10:30:00.865781973Z,10,2,10888,C,B,0,420.660000000,200,130,168055,4826632,420.620000000,421.250000000,15,200,1,1,420.580000000,421.310000000,10,13,1,1,420.520000000,421.490000000,1,6,1,1,420.400000000,421.570000000,858,40,1,1,420.380000000,421.600000000,100,10,1,1,420.100000000,421.700000000,100,359,1,1,420.000000000,422.100000000,534,7,7,1,419.730000000,422.400000000,3,500,1,1,418.650000000,422.500000000,1,200,1,1,418.500000000,423.500000000,1,600,1,2,MSFT
2025-01-03T10:30:00.946403704Z,2025-01-03T10:30:00.946237498Z,10,2,17709,A,B,0,107.750000000,8,130,166206,4826678,107.750000000,107.880000000,8,400,1,2,107.640000000,107.950000000,100,10,1,1,107.600000000,107.960000000,50,16,1,1,107.000000000,108.000000000,1,150,1,2,106.240000000,108.300000000,28,50,1,1,106.000000000,108.550000000,15,50,2,1,105.870000000,108.800000000,141,50,1,1,103.180000000,108.880000000,16,28,1,1,103.000000000,109.450000000,3,137,1,1,102.000000000,109.500000000,2,100,1,1,XOM
2025-01-03T10:30:00.959794652Z,2025-01-03T10:30:00.959628354Z,10,2,17709,C,B,0,107.750000000,8,130,166298,4826683,107.640000000,107.880000000,100,400,1,2,107.600000000,107.950000000,50,10,1,1,107.000000000,107.960000000,1,16,1,1,106.240000000,108.000000000,28,150,1,2,106.000000000,108.300000000,15,50,2,1,105.870000000,108.550000000,141,50,1,1,103.180000000,108.800000000,16,50,1,1,103.000000000,108.880000000,3,28,1,1,102.000000000,109.450000000,2,137,1,1,101.000000000,109.500000000,1,100,1,1,XOM
2025-01-03T10:30:00.969167202Z,2025-01-03T10:30:00.969000949Z,10,2,10888,A,B,0,420.660000000,200,130,166253,4826697,420.660000000,421.250000000,200,200,1,1,420.620000000,421.310000000,15,13,1,1,420.580000000,421.490000000,10,6,1,1,420.520000000,421.570000000,1,40,1,1,420.400000000,421.600000000,858,10,1,1,420.380000000,421.700000000,100,359,1,1,420.100000000,422.100000000,100,7,1,1,420.000000000,422.400000000,534,500,7,1,419.730000000,422.500000000,3,200,1,1,418.650000000,423.500000000,1,600,1,2,MSFT
2025-01-03T10:30:00.979419532Z,2025-01-03T10:30:00.979253371Z,10,2,16727,C,B,1,314.860000000,25,130,166161,4826702,314.920000000,315.450000000,8,8,1,1,313.500000000,315.510000000,1,25,1,1,310.000000000,320.000000000,1,5,1,1,300.000000000,320.210000000,3,1,1,1,290.000000000,321.950000000,2,2,1,1,286.660000000,344.200000000,100,100,1,1,285.250000000,345.620000000,100,100,1,1,260.000000000,,2,0,1,0,,,0,0,0,0,,,0,0,0,0,V
2025-01-03T10:30:00.997100447Z,2025-01-03T10:30:00.996932833Z,10,2,16244,T,B,0,382.790000000,80,130,167614,4826704,382.710000000,382.790000000,10,80,1,1,382.680000000,382.920000000,41,50,2,1,382.230000000,382.990000000,25,1,1,1,382.110000000,383.000000000,300,31,1,2,382.100000000,383.020000000,20,20,2,1,382.010000000,383.080000000,2,1,1,1,382.000000000,383.090000000,1192,6,10,1,381.900000000,383.100000000,23,12,1,2,381.880000000,383.200000000,10,1000,1,2,381.800000000,383.300000000,12,120,1,3,TSLA
2025-01-03T10:30:00.997100447Z,2025-01-03T10:30:00.996932833Z,10,2,16244,C,A,0,382.790000000,80,130,167614,4826704,382.710000000,382.920000000,10,50,1,1,382.680000000,382.990000000,41,1,2,1,382.230000000,383.000000000,25,31,1,2,382.110000000,383.020000000,300,20,1,1,382.100000000,383.080000000,20,1,2,1,382.010000000,383.090000000,2,6,1,1,382.000000000,383.100000000,1192,12,10,2,381.900000000,383.200000000,23,1000,1,2,381.880000000,383.300000000,10,120,1,3,381.800000000,383.420000000,12,140,1,1,TSLA
2025-01-03T10:30:00.997813206Z,2025-01-03T10:30:00.997647255Z,10,2,16244,C,A,7,383.200000000,500,130,165951,4826722,382.710000000,382.920000000,10,50,1,1,382.680000000,382.990000000,41,1,2,1,382.230000000,383.000000000,25,31,1,2,382.110000000,383.020000000,300,20,1,1,382.100000000,383.080000000,20,1,2,1,382.010000000,383.090000000,2,6,1,1,382.000000000,383.100000000,1192,12,10,2,381.900000000,383.200000000,23,500,1,1,381.880000000,383.300000000,10,120,1,3,381.800000000,383.420000000,12,140,1,1,TSLA
2025-01-03T10:30:01.000922555Z,2025-01-03T10:30:01.000756632Z,10,2,16244,C,A,3,383.020000000,20,130,165923,4826735,382.710000000,382.920000000,10,50,1,1,382.680000000,382.990000000,41,1,2,1,382.230000000,383.000000000,25,31,1,2,382.110000000,383.080000000,300,1,1,1,382.100000000,383.090000000,20,6,2,1,382.010000000,383.100000000,2,12,1,2,382.000000000,383.200000000,1192,500,10,1,381.900000000,383.300000000,23,120,1,3,381.880000000,383.420000000,10,140,1,1,381.800000000,383.600000000,12,1000,1,2,TSLA
2025-01-03T10:30:01.001016501Z,2025-01-03T10:30:01.000850309Z,10,2,16244,A,A,3,383.070000000,21,130,166192,4826736,382.710000000,382.920000000,10,50,1,1,382.680000000,382.990000000,41,1,2,1,382.230000000,383.000000000,25,31,1,2,382.110000000,383.070000000,300,21,1,1,382.100000000,383.080000000,20,1,2,1,382.010000000,383.090000000,2,6,1,1,382.000000000,383.100000000,1192,12,10,2,381.900000000,383.200000000,23,500,1,1,381.880000000,383.300000000,10,120,1,3,381.800000000,383.420000000,12,140,1,1,TSLA
2025-01-03T10:30:01.001613457Z,2025-01-03T10:30:01.001447228Z,10,2,16244,C,A,3,383.070000000,21,130,166229,4826737,382.710000000,382.920000000,10,50,1,1,382.680000000,382.990000000,41,1,2,1,382.230000000,383.000000000,25,31,1,2,382.110000000,383.080000000,300,1,1,1,382.100000000,383.090000000,20,6,2,1,382.010000000,383.100000000,2,12,1,2,382.000000000,383.200000000,1192,500,10,1,381.900000000,383.300000000,23,120,1,3,381.880000000,383.420000000,10,140,1,1,381.800000000,383.600000000,12,1000,1,2,TSLA
2025-01-03T10:30:01.009117027Z,2025-01-03T10:30:01.008951262Z,10,2,17709,C,A,2,107.960000000,16,130,165765,4826743,107.640000000,107.880000000,100,400,1,2,107.600000000,107.950000000,50,10,1,1,107.000000000,108.000000000,1,150,1,2,106.240000000,108.300000000,28,50,1,1,106.000000000,108.550000000,15,50,2,1,105.870000000,108.800000000,141,50,1,1,103.180000000,108.880000000,16,28,1,1,103.000000000,109.450000000,3,137,1,1,102.000000000,109.500000000,2,100,1,1,101.000000000,111.000000000,1,10,1,1,XOM
2025-01-03T10:30:01.009205035Z,2025-01-03T10:30:01.009038910Z,10,2,17709,A,B,0,107.660000000,16,130,166125,4826744,107.660000000,107.880000000,16,400,1,2,107.640000000,107.950000000,100,10,1,1,107.600000000,108.000000000,50,150,1,2,107.000000000,108.300000000,1,50,1,1,106.240000000,108.550000000,28,50,1,1,106.000000000,108.800000000,15,50,2,1,105.870000000,108.880000000,141,28,1,1,103.180000000,109.450000000,16,137,1,1,103.000000000,109.500000000,3,100,1,1,102.000000000,111.000000000,2,10,1,1,XOM
2025-01-03T10:30:01.009259392Z,2025-01-03T10:30:01.009092878Z,10,2,17709,A,A,1,107.940000000,15,130,166514,4826745,107.660000000,107.880000000,16,400,1,2,107.640000000,107.940000000,100,15,1,1,107.600000000,107.950000000,50,10,1,1,107.000000000,108.000000000,1,150,1,2,106.240000000,108.300000000,28,50,1,1,106.000000000,108.550000000,15,50,2,1,105.870000000,108.800000000,141,50,1,1,103.180000000,108.880000000,16,28,1,1,103.000000000,109.450000000,3,137,1,1,102.000000000,109.500000000,2,100,1,1,XOM
2025-01-03T10:30:01.017374349Z,2025-01-03T10:30:01.017208582Z,10,2,17709,C,B,0,107.660000000,16,130,165767,4826757,107.640000000,107.880000000,100,400,1,2,107.600000000,107.940000000,50,15,1,1,107.000000000,107.950000000,1,10,1,1,106.240000000,108.000000000,28,150,1,2,106.000000000,108.300000000,15,50,2,1,105.870000000,108.550000000,141,50,1,1,103.180000000,108.800000000,16,50,1,1,103.000000000,108.880000000,3,28,1,1,102.000000000,109.450000000,2,137,1,1,101.000000000,109.500000000,1,100,1,1,XOM
2025-01-03T10:30:01.025224499Z,2025-01-03T10:30:01.025057247Z,10,2,9155,T,N,0,242.080000000,11,130,167252,4826762,242.020000000,242.400000000,120,485,1,1,242.000000000,242.460000000,200,8,1,1,241.670000000,242.850000000,2,300,1,2,241.000000000,242.900000000,100,100,1,1,240.000000000,243.000000000,10,92,1,2,238.000000000,243.310000000,30,10,1,1,236.000000000,243.700000000,6,100,1,1,235.500000000,246.810000000,5,100,1,1,235.000000000,262.740000000,5,100,1,1,232.880000000,263.830000000,1,100,1,1,JPM
2025-01-03T10:30:01.025248906Z,2025-01-03T10:30:01.025082524Z,10,2,9155,A,A,0,242.240000000,1,130,166382,4826763,242.020000000,242.240000000,120,1,1,1,242.000000000,242.400000000,200,485,1,1,241.670000000,242.460000000,2,8,1,1,241.000000000,242.850000000,100,300,1,2,240.000000000,242.900000000,10,100,1,1,238.000000000,243.000000000,30,92,1,2,236.000000000,243.310000000,6,10,1,1,235.500000000,243.700000000,5,100,1,1,235.000000000,246.810000000,5,100,1,1,232.880000000,262.740000000,1,100,1,1,JPM
2025-01-03T10:30:01.027152499Z,2025-01-03T10:30:01.026986621Z,10,2,9155,C,A,0,242.240000000,1,130,165878,4826764,242.020000000,242.400000000,120,485,1,1,242.000000000,242.460000000,200,8,1,1,241.670000000,242.850000000,2,300,1,2,241.000000000,242.900000000,100,100,1,1,240.000000000,243.000000000,10,92,1,2,238.000000000,243.310000000,30,10,1,1,236.000000000,243.700000000,6,100,1,1,235.500000000,246.810000000,5,100,1,1,235.000000000,262.740000000,5,100,1,1,232.880000000,263.830000000,1,100,1,1,JPM
2025-01-03T10:30:01.031226209Z,2025-01-03T10:30:01.031059483Z,10,2,17709,C,B,0,107.640000000,100,130,166726,4826770,107.600000000,107.880000000,50,400,1,2,107.000000000,107.940000000,1,15,1,1,106.240000000,107.950000000,28,10,1,1,106.000000000,108.000000000,15,150,2,2,105.870000000,108.300000000,141,50,1,1,103.180000000,108.550000000,16,50,1,1,103.000000000,108.800000000,3,50,1,1,102.000000000,108.880000000,2,28,1,1,101.000000000,109.450000000,1,137,1,1,100.880000000,109.500000000,36,100,1,1,XOM
2025-01-03T10:30:01.031237547Z,2025-01-03T10:30:01.031071265Z,10,2,17709,A,B,1,107.580000000,100,130,166282,4826771,107.600000000,107.880000000,50,400,1,2,107.580000000,107.940000000,100,15,1,1,107.000000000,107.950000000,1,10,1,1,106.240000000,108.000000000,28,150,1,2,106.000000000,108.300000000,15,50,2,1,105.870000000,108.550000000,141,50,1,1,103.180000000,108.800000000,16,50,1,1,103.000000000,108.880000000,3,28,1,1,102.000000000,109.450000000,2,137,1,1,101.000000000,109.500000000,1,100,1,1,XOM
2025-01-03T10:30:01.060504291Z,2025-01-03T10:30:01.060337835Z,10,2,16727,A,B,1,314.860000000,25,130,166456,4826799,314.920000000,315.450000000,8,8,1,1,314.860000000,315.510000000,25,25,1,1,313.500000000,320.000000000,1,5,1,1,310.000000000,320.210000000,1,1,1,1,300.000000000,321.950000000,3,2,1,1,290.000000000,344.200000000,2,100,1,1,286.660000000,345.620000000,100,100,1,1,285.250000000,,100,0,1,0,260.000000000,,2,0,1,0,,,0,0,0,0,V
2025-01-03T10:30:01.063205533Z,2025-01-03T10:30:01.063039541Z,10,2,10888,C,B,0,420.660000000,200,130,165992,4826800,420.620000000,421.250000000,15,200,1,1,420.580000000,421.310000000,10,13,1,1,420.520000000,421.490000000,1,6,1,1,420.400000000,421.570000000,858,40,1,1,420.380000000,421.600000000,100,10,1,1,420.100000000,421.700000000,100,359,1,1,420.000000000,422.100000000,534,7,7,1,419.730000000,422.400000000,3,500,1,1,418.650000000,422.500000000,1,200,1,1,418.500000000,423.500000000,1,600,1,2,MSFT
2025-01-03T10:30:01.063218996Z,2025-01-03T10:30:01.063052838Z,10,2,10888,A,B,0,420.630000000,200,130,166158,4826801,420.630000000,421.250000000,200,200,1,1,420.620000000,421.310000000,15,13,1,1,420.580000000,421.490000000,10,6,1,1,420.520000000,421.570000000,1,40,1,1,420.400000000,421.600000000,858,10,1,1,420.380000000,421.700000000,100,359,1,1,420.100000000,422.100000000,100,7,1,1,420.000000000,422.400000000,534,500,7,1,419.730000000,422.500000000,3,200,1,1,418.650000000,423.500000000,1,600,1,2,MSFT
2025-01-03T10:30:01.064837234Z,2025-01-03T10:30:01.064670955Z,10,2,16244,A,B,0,382.720000000,20,130,166279,4826802,382.720000000,382.920000000,20,50,1,1,382.710000000,382.990000000,10,1,1,1,382.680000000,383.000000000,41,31,2,2,382.230000000,383.080000000,25,1,1,1,382.110000000,383.090000000,300,6,1,1,382.100000000,383.100000000,20,12,2,2,382.010000000,383.200000000,2,500,1,1,382.000000000,383.300000000,1192,120,10,3,381.900000000,383.420000000,23,140,1,1,381.880000000,383.600000000,10,1000,1,2,TSLA
2025-01-03T10:30:01.187098715Z,2025-01-03T10:30:01.186932810Z,10,2,16727,C,B,1,314.860000000,25,130,165905,4826938,314.920000000,315.450000000,8,8,1,1,313.500000000,315.510000000,1,25,1,1,310.000000000,320.000000000,1,5,1,1,300.000000000,320.210000000,3,1,1,1,290.000000000,321.950000000,2,2,1,1,286.660000000,344.200000000,100,100,1,1,285.250000000,345.620000000,100,100,1,1,260.000000000,,2,0,1,0,,,0,0,0,0,,,0,0,0,0,V
2025-01-03T10:30:01.199204709Z,2025-01-03T10:30:01.199038225Z,10,2,10888,A,B,0,420.640000000,200,130,166484,4826942,420.640000000,421.250000000,200,200,1,1,420.620000000,421.310000000,15,13,1,1,420.580000000,421.490000000,10,6,1,1,420.520000000,421.570000000,1,40,1,1,420.400000000,421.600000000,858,10,1,1,420.380000000,421.700000000,100,359,1,1,420.100000000,422.100000000,100,7,1,1,420.000000000,422.400000000,534,500,7,1,419.730000000,422.500000000,3,200,1,1,418.650000000,423.500000000,1,600,1,2,MSFT
2025-01-03T10:30:01.212033457Z,2025-01-03T10:30:01.211866764Z,10,2,780,A,A,0,261.800000000,25,130,166693,4826949,259.930000000,261.800000000,25,25,1,1,259.010000000,270.990000000,181,203,2,2,258.100000000,294.170000000,25,100,1,1,257.700000000,295.390000000,1,100,1,1,250.000000000,,13,0,2,0,236.860000000,,100,0,1,0,235.690000000,,100,0,1,0,,,0,0,0,0,,,0,0,0,0,,,0,0,0,0,AMGN
2025-01-03T10:30:01.220422215Z,2025-01-03T10:30:01.220255099Z,10,2,9155,T,N,0,242.040000000,11,130,167116,4826967,242.020000000,242.400000000,120,485,1,1,242.000000000,242.460000000,200,8,1,1,241.670000000,242.850000000,2,300,1,2,241.000000000,242.900000000,100,100,1,1,240.000000000,243.000000000,10,92,1,2,238.000000000,243.310000000,30,10,1,1,236.000000000,243.700000000,6,100,1,1,235.500000000,246.810000000,5,100,1,1,235.000000000,262.740000000,5,100,1,1,232.880000000,263.830000000,1,100,1,1,JPM
2025-01-03T10:30:01.220444395Z,2025-01-03T10:30:01.220278337Z,10,2,9155,A,A,0,242.220000000,1,130,166058,4826968,242.020000000,242.220000000,120,1,1,1,242.000000000,242.400000000,200,485,1,1,241.670000000,242.460000000,2,8,1,1,241.000000000,242.850000000,100,300,1,2,240.000000000,242.900000000,10,100,1,1,238.000000000,243.000000000,30,92,1,2,236.000000000,243.310000000,6,10,1,1,235.500000000,243.700000000,5,100,1,1,235.000000000,246.810000000,5,100,1,1,232.880000000,262.740000000,1,100,1,1,JPM
2025-01-03T10:30:01.221159676Z,2025-01-03T10:30:01.220993467Z,10,2,9155,A,A,1,242.240000000,1,130,166209,4826969,242.020000000,242.220000000,120,1,1,1,242.000000000,242.240000000,200,1,1,1,241.670000000,242.400000000,2,485,1,1,241.000000000,242.460000000,100,8,1,1,240.000000000,242.850000000,10,300,1,2,238.000000000,242.900000000,30,100,1,1,236.000000000,243.000000000,6,92,1,2,235.500000000,243.310000000,5,10,1,1,235.000000000,243.700000000,5,100,1,1,232.880000000,246.810000000,1,100,1,1,JPM
2025-01-03T10:30:01.221173366Z,2025-01-03T10:30:01.221007139Z,10,2,9155,A,A,2,242.390000000,1,130,166227,4826970,242.020000000,242.220000000,120,1,1,1,242.000000000,242.240000000,200,1,1,1,241.670000000,242.390000000,2,1,1,1,241.000000000,242.400000000,100,485,1,1,240.000000000,242.460000000,10,8,1,1,238.000000000,242.850000000,30,300,1,2,236.000000000,242.900000000,6,100,1,1,235.500000000,243.000000000,5,92,1,2,235.000000000,243.310000000,5,10,1,1,232.880000000,243.700000000,1,100,1,1,JPM
2025-01-03T10:30:01.227152392Z,2025-01-03T10:30:01.226986614Z,10,2,9155,C,A,0,242.220000000,1,130,165778,4826978,242.020000000,242.240000000,120,1,1,1,242.000000000,242.390000000,200,1,1,1,241.670000000,242.400000000,2,485,1,1,241.000000000,242.460000000,100,8,1,1,240.000000000,242.850000000,10,300,1,2,238.000000000,242.900000000,30,100,1,1,236.000000000,243.000000000,6,92,1,2,235.500000000,243.310000000,5,10,1,1,235.000000000,243.700000000,5,100,1,1,232.880000000,246.810000000,1,100,1,1,JPM
2025-01-03T10:30:01.239733490Z,2025-01-03T10:30:01.239567766Z,10,2,9155,C,A,0,242.240000000,1,130,165724,4826986,242.020000000,242.390000000,120,1,1,1,242.000000000,242.400000000,200,485,1,1,241.670000000,242.460000000,2,8,1,1,241.000000000,242.850000000,100,300,1,2,240.000000000,242.900000000,10,100,1,1,238.000000000,243.000000000,30,92,1,2,236.000000000,243.310000000,6,10,1,1,235.500000000,243.700000000,5,100,1,1,235.000000000,246.810000000,5,100,1,1,232.880000000,262.740000000,1,100,1,1,JPM
2025-01-03T10:30:01.249528126Z,2025-01-03T10:30:01.249360785Z,10,2,16244,C,B,0,382.720000000,20,130,167341,4827021,382.710000000,382.920000000,10,50,1,1,382.680000000,382.990000000,41,1,2,1,382.230000000,383.000000000,25,31,1,2,382.110000000,383.080000000,300,1,1,1,382.100000000,383.090000000,20,6,2,1,382.010000000,383.100000000,2,12,1,2,382.000000000,383.200000000,1192,500,10,1,381.900000000,383.300000000,23,120,1,3,381.880000000,383.420000000,10,140,1,1,381.800000000,383.600000000,12,1000,1,2,TSLA
2025-01-03T10:30:01.279735190Z,2025-01-03T10:30:01.279569245Z,10,2,9155,C,A,0,242.390000000,1,130,165945,4827091,242.020000000,242.400000000,120,485,1,1,242.000000000,242.460000000,200,8,1,1,241.670000000,242.850000000,2,300,1,2,241.000000000,242.900000000,100,100,1,1,240.000000000,243.000000000,10,92,1,2,238.000000000,243.310000000,30,10,1,1,236.000000000,243.700000000,6,100,1,1,235.500000000,246.810000000,5,100,1,1,235.000000000,262.740000000,5,100,1,1,232.880000000,263.830000000,1,100,1,1,JPM
2025-01-03T10:30:01.284554278Z,2025-01-03T10:30:01.284387942Z,10,2,16727,A,B,1,314.860000000,25,130,166336,4827095,314.920000000,315.450000000,8,8,1,1,314.860000000,315.510000000,25,25,1,1,313.500000000,320.000000000,1,5,1,1,310.000000000,320.210000000,1,1,1,1,300.000000000,321.950000000,3,2,1,1,290.000000000,344.200000000,2,100,1,1,286.660000000,345.620000000,100,100,1,1,285.250000000,,100,0,1,0,260.000000000,,2,0,1,0,,,0,0,0,0,V
2025-01-03T10:30:01.460567234Z,2025-01-03T10:30:01.460399550Z,10,2,11667,T,A,0,139.160000000,72,130,167684,4827291,139.160000000,139.200000000,100,129,1,1,139.150000000,139.210000000,100,800,1,2,139.120000000,139.220000000,30,10,1,1,139.110000000,139.230000000,1,125,1,2,139.090000000,139.250000000,400,1,1,1,139.080000000,139.270000000,57,17,1,1,139.030000000,139.300000000,126,507,2,4,139.010000000,139.320000000,100,39,1,1,139.000000000,139.330000000,1420,503,6,2,138.980000000,139.360000000,300,4,1,2,NVDA
2025-01-03T10:30:01.460567234Z,2025-01-03T10:30:01.460399550Z,10,2,11667,C,B,0,139.160000000,72,130,167684,4827291,139.160000000,139.200000000,28,129,1,1,139.150000000,139.210000000,100,800,1,2,139.120000000,139.220000000,30,10,1,1,139.110000000,139.230000000,1,125,1,2,139.090000000,139.250000000,400,1,1,1,139.080000000,139.270000000,57,17,1,1,139.030000000,139.300000000,126,507,2,4,139.010000000,139.320000000,100,39,1,1,139.000000000,139.330000000,1420,503,6,2,138.980000000,139.360000000,300,4,1,2,NVDA
2025-01-03T10:30:01.460595712Z,2025-01-03T10:30:01.460430051Z,10,2,11667,C,B,4,139.090000000,400,130,165661,4827297,139.160000000,139.200000000,28,129,1,1,139.150000000,139.210000000,100,800,1,2,139.120000000,139.220000000,30,10,1,1,139.110000000,139.230000000,1,125,1,2,139.080000000,139.250000000,57,1,1,1,139.030000000,139.270000000,126,17,2,1,139.010000000,139.300000000,100,507,1,4,139.000000000,139.320000000,1420,39,6,1,138.980000000,139.330000000,300,503,1,2,138.970000000,139.360000000,800,4,2,2,NVDA
2025-01-03T10:30:01.460626146Z,2025-01-03T10:30:01.460458216Z,10,2,11667,T,A,0,139.160000000,28,128,167930,4827304,139.160000000,139.200000000,28,129,1,1,139.150000000,139.210000000,100,800,1,2,139.120000000,139.220000000,30,10,1,1,139.110000000,139.230000000,1,125,1,2,139.080000000,139.250000000,57,1,1,1,139.030000000,139.270000000,126,17,2,1,139.010000000,139.300000000,100,507,1,4,139.000000000,139.320000000,1420,39,6,1,138.980000000,139.330000000,300,503,1,2,138.970000000,139.360000000,800,4,2,2,NVDA
2025-01-03T10:30:01.460626146Z,2025-01-03T10:30:01.460458216Z,10,2,11667,C,B,0,139.160000000,28,128,167930,4827304,139.150000000,139.200000000,100,129,1,1,139.120000000,139.210000000,30,800,1,2,139.110000000,139.220000000,1,10,1,1,139.080000000,139.230000000,57,125,1,2,139.030000000,139.250000000,126,1,2,1,139.010000000,139.270000000,100,17,1,1,139.000000000,139.300000000,1420,507,6,4,138.980000000,139.320000000,300,39,1,1,138.970000000,139.330000000,800,503,2,2,138.940000000,139.360000000,400,4,1,2,NVDA
2025-01-03T10:30:01.460648679Z,2025-01-03T10:30:01.460482594Z,10,2,11667,A,A,0,139.190000000,35,130,166085,4827306,139.150000000,139.190000000,100,35,1,1,139.120000000,139.200000000,30,129,1,1,139.110000000,139.210000000,1,800,1,2,139.080000000,139.220000000,57,10,1,1,139.030000000,139.230000000,126,125,2,2,139.010000000,139.250000000,100,1,1,1,139.000000000,139.270000000,1420,17,6,1,138.980000000,139.300000000,300,507,1,4,138.970000000,139.320000000,800,39,2,1,138.940000000,139.330000000,400,503,1,2,NVDA
2025-01-03T10:30:01.460942630Z,2025-01-03T10:30:01.460776824Z,10,2,11667,C,B,6,139.000000000,1000,130,165806,4827310,139.150000000,139.190000000,100,35,1,1,139.120000000,139.200000000,30,129,1,1,139.110000000,139.210000000,1,800,1,2,139.080000000,139.220000000,57,10,1,1,139.030000000,139.230000000,126,125,2,2,139.010000000,139.250000000,100,1,1,1,139.000000000,139.270000000,420,17,5,1,138.980000000,139.300000000,300,507,1,4,138.970000000,139.320000000,800,39,2,1,138.940000000,139.330000000,400,503,1,2,NVDA
2025-01-03T10:30:01.460995357Z,2025-01-03T10:30:01.460829071Z,10,2,11667,A,A,0,139.180000000,100,130,166286,4827312,139.150000000,139.180000000,100,100,1,1,139.120000000,139.190000000,30,35,1,1,139.110000000,139.200000000,1,129,1,1,139.080000000,139.210000000,57,800,1,2,139.030000000,139.220000000,126,10,2,1,139.010000000,139.230000000,100,125,1,2,139.000000000,139.250000000,420,1,5,1,138.980000000,139.270000000,300,17,1,1,138.970000000,139.300000000,800,507,2,4,138.940000000,139.320000000,400,39,1,1,NVDA
2025-01-03T10:30:01.461491869Z,2025-01-03T10:30:01.461325134Z,10,2,11667,C,B,0,139.150000000,100,130,166735,4827332,139.120000000,139.180000000,30,100,1,1,139.110000000,139.190000000,1,35,1,1,139.080000000,139.200000000,57,129,1,1,139.030000000,139.210000000,126,800,2,2,139.010000000,139.220000000,100,10,1,1,139.000000000,139.230000000,420,125,5,2,138.980000000,139.250000000,300,1,1,1,138.970000000,139.270000000,800,17,2,1,138.940000000,139.300000000,400,507,1,4,138.920000000,139.320000000,10,39,1,1,NVDA
2025-01-03T10:30:01.461763886Z,2025-01-03T10:30:01.461597555Z,10,2,11667,A,A,5,139.230000000,100,130,166331,4827338,139.120000000,139.180000000,30,100,1,1,139.110000000,139.190000000,1,35,1,1,139.080000000,139.200000000,57,129,1,1,139.030000000,139.210000000,126,800,2,2,139.010000000,139.220000000,100,10,1,1,139.000000000,139.230000000,420,225,5,3,138.980000000,139.250000000,300,1,1,1,138.970000000,139.270000000,800,17,2,1,138.940000000,139.300000000,400,507,1,4,138.920000000,139.320000000,10,39,1,1,NVDA
2025-01-03T10:30:01.463173198Z,2025-01-03T10:30:01.463007016Z,10,2,11667,A,A,5,139.230000000,100,130,166182,4827366,139.120000000,139.180000000,30,100,1,1,139.110000000,139.190000000,1,35,1,1,139.080000000,139.200000000,57,129,1,1,139.030000000,139.210000000,126,800,2,2,139.010000000,139.220000000,100,10,1,1,139.000000000,139.230000000,420,325,5,4,138.980000000,139.250000000,300,1,1,1,138.970000000,139.270000000,800,17,2,1,138.940000000,139.300000000,400,507,1,4,138.920000000,139.320000000,10,39,1,1,NVDA
2025-01-03T10:30:01.472267418Z,2025-01-03T10:30:01.472101027Z,10,2,11667,C,A,1,139.190000000,35,130,166391,4827399,139.120000000,139.180000000,30,100,1,1,139.110000000,139.200000000,1,129,1,1,139.080000000,139.210000000,57,800,1,2,139.030000000,139.220000000,126,10,2,1,139.010000000,139.230000000,100,325,1,4,139.000000000,139.250000000,420,1,5,1,138.980000000,139.270000000,300,17,1,1,138.970000000,139.300000000,800,507,2,4,138.940000000,139.320000000,400,39,1,1,138.920000000,139.330000000,10,503,1,2,NVDA
2025-01-03T10:30:01.530680761Z,2025-01-03T10:30:01.530514884Z,10,2,11667,C,B,9,138.920000000,10,130,165877,4827483,139.120000000,139.180000000,30,100,1,1,139.110000000,139.200000000,1,129,1,1,139.080000000,139.210000000,57,800,1,2,139.030000000,139.220000000,126,10,2,1,139.010000000,139.230000000,100,325,1,4,139.000000000,139.250000000,420,1,5,1,138.980000000,139.270000000,300,17,1,1,138.970000000,139.300000000,800,507,2,4,138.940000000,139.320000000,400,39,1,1,138.900000000,139.330000000,541,503,4,2,NVDA
2025-01-03T10:30:01.531727145Z,2025-01-03T10:30:01.531560847Z,10,2,11667,A,B,4,139.020000000,400,130,166298,4827485,139.120000000,139.180000000,30,100,1,1,139.110000000,139.200000000,1,129,1,1,139.080000000,139.210000000,57,800,1,2,139.030000000,139.220000000,126,10,2,1,139.020000000,139.230000000,400,325,1,4,139.010000000,139.250000000,100,1,1,1,139.000000000,139.270000000,420,17,5,1,138.980000000,139.300000000,300,507,1,4,138.970000000,139.320000000,800,39,2,1,138.940000000,139.330000000,400,503,1,2,NVDA
2025-01-03T10:30:01.532493895Z,2025-01-03T10:30:01.532328259Z,10,2,11667,C,B,4,139.020000000,400,130,165636,4827491,139.120000000,139.180000000,30,100,1,1,139.110000000,139.200000000,1,129,1,1,139.080000000,139.210000000,57,800,1,2,139.030000000,139.220000000,126,10,2,1,139.010000000,139.230000000,100,325,1,4,139.000000000,139.250000000,420,1,5,1,138.980000000,139.270000000,300,17,1,1,138.970000000,139.300000000,800,507,2,4,138.940000000,139.320000000,400,39,1,1,138.900000000,139.330000000,541,503,4,2,NVDA
2025-01-03T10:30:01.571454102Z,2025-01-03T10:30:01.571287936Z,10,2,11667,A,B,5,139.000000000,400,130,166166,4827540,139.120000000,139.180000000,30,100,1,1,139.110000000,139.200000000,1,129,1,1,139.080000000,139.210000000,57,800,1,2,139.030000000,139.220000000,126,10,2,1,139.010000000,139.230000000,100,325,1,4,139.000000000,139.250000000,820,1,6,1,138.980000000,139.270000000,300,17,1,1,138.970000000,139.300000000,800,507,2,4,138.940000000,139.320000000,400,39,1,1,138.900000000,139.330000000,541,503,4,2,NVDA
2025-01-03T10:30:01.581459146Z,2025-01-03T10:30:01.581292140Z,10,2,11667,A,A,1,139.200000000,400,130,167006,4827546,139.120000000,139.180000000,30,100,1,1,139.110000000,139.200000000,1,529,1,2,139.080000000,139.210000000,57,400,1,1,139.030000000,139.220000000,126,10,2,1,139.010000000,139.230000000,100,325,1,4,139.000000000,139.250000000,820,1,6,1,138.980000000,139.270000000,300,17,1,1,138.970000000,139.300000000,800,507,2,4,138.940000000,139.320000000,400,39,1,1,138.900000000,139.330000000,541,503,4,2,NVDA
2025-01-03T10:30:01.591213453Z,2025-01-03T10:30:01.591047023Z,10,2,11667,A,A,0,139.180000000,400,130,166430,4827550,139.120000000,139.180000000,30,500,1,2,139.110000000,139.200000000,1,129,1,1,139.080000000,139.210000000,57,400,1,1,139.030000000,139.220000000,126,10,2,1,139.010000000,139.230000000,100,325,1,4,139.000000000,139.250000000,820,1,6,1,138.980000000,139.270000000,300,17,1,1,138.970000000,139.300000000,800,507,2,4,138.940000000,139.320000000,400,39,1,1,138.900000000,139.330000000,541,503,4,2,NVDA
2025-01-03T10:30:01.662816863Z,2025-01-03T10:30:01.662650406Z,10,2,11667,A,B,4,139.010000000,400,130,166457,4827578,139.120000000,139.180000000,30,500,1,2,139.110000000,139.200000000,1,129,1,1,139.080000000,139.210000000,57,400,1,1,139.030000000,139.220000000,126,10,2,1,139.010000000,139.230000000,500,325,2,4,139.000000000,139.250000000,420,1,5,1,138.980000000,139.270000000,300,17,1,1,138.970000000,139.300000000,800,507,2,4,138.940000000,139.320000000,400,39,1,1,138.900000000,139.330000000,541,503,4,2,NVDA
2025-01-03T10:30:01.718910590Z,2025-01-03T10:30:01.718744261Z,10,2,11667,A,B,3,139.050000000,400,130,166329,4827594,139.120000000,139.180000000,30,500,1,2,139.110000000,139.200000000,1,129,1,1,139.080000000,139.210000000,57,400,1,1,139.050000000,139.220000000,400,10,1,1,139.030000000,139.230000000,126,325,2,4,139.010000000,139.250000000,100,1,1,1,139.000000000,139.270000000,420,17,5,1,138.980000000,139.300000000,300,507,1,4,138.970000000,139.320000000,800,39,2,1,138.940000000,139.330000000,400,503,1,2,NVDA
2025-01-03T10:30:01.768429968Z,2025-01-03T10:30:01.768263666Z,10,2,9155,A,B,2,241.800000000,8,130,166302,4827606,242.020000000,242.400000000,120,485,1,1,242.000000000,242.460000000,200,8,1,1,241.800000000,242.850000000,8,300,1,2,241.670000000,242.900000000,2,100,1,1,241.000000000,243.000000000,100,92,1,2,240.000000000,243.310000000,10,10,1,1,238.000000000,243.700000000,30,100,1,1,236.000000000,246.810000000,6,100,1,1,235.500000000,262.740000000,5,100,1,1,235.000000000,263.830000000,5,100,1,1,JPM
2025-01-03T10:30:01.818011652Z,2025-01-03T10:30:01.817845346Z,10,2,17709,A,B,0,107.620000000,16,130,166306,4827611,107.620000000,107.880000000,16,400,1,2,107.600000000,107.940000000,50,15,1,1,107.580000000,107.950000000,100,10,1,1,107.000000000,108.000000000,1,150,1,2,106.240000000,108.300000000,28,50,1,1,106.000000000,108.550000000,15,50,2,1,105.870000000,108.800000000,141,50,1,1,103.180000000,108.880000000,16,28,1,1,103.000000000,109.450000000,3,137,1,1,102.000000000,109.500000000,2,100,1,1,XOM
2025-01-03T10:30:02.844549603Z,2025-01-03T10:30:02.844383855Z,10,2,11667,C,B,3,139.050000000,400,130,165748,4828110,139.120000000,139.180000000,30,500,1,2,139.110000000,139.200000000,1,129,1,1,139.080000000,139.210000000,57,400,1,1,139.030000000,139.220000000,126,10,2,1,139.010000000,139.230000000,100,325,1,4,139.000000000,139.250000000,420,1,5,1,138.980000000,139.270000000,300,17,1,1,138.970000000,139.300000000,800,507,2,4,138.940000000,139.320000000,400,39,1,1,138.900000000,139.330000000,541,503,4,2,NVDA
2025-01-03T10:30:02.919748852Z,2025-01-03T10:30:02.919582983Z,10,2,11667,A,B,3,139.040000000,400,130,165869,4828217,139.120000000,139.180000000,30,500,1,2,139.110000000,139.200000000,1,129,1,1,139.080000000,139.210000000,57,400,1,1,139.040000000,139.220000000,400,10,1,1,139.030000000,139.230000000,126,325,2,4,139.010000000,139.250000000,100,1,1,1,139.000000000,139.270000000,420,17,5,1,138.980000000,139.300000000,300,507,1,4,138.970000000,139.320000000,800,39,2,1,138.940000000,139.330000000,400,503,1,2,NVDA
2025-01-03T10:30:02.952894144Z,2025-01-03T10:30:02.952727809Z,10,2,16244,A,A,6,383.180000000,20,130,166335,4828232,382.710000000,382.920000000,10,50,1,1,382.680000000,382.990000000,41,1,2,1,382.230000000,383.000000000,25,31,1,2,382.110000000,383.080000000,300,1,1,1,382.100000000,383.090000000,20,6,2,1,382.010000000,383.100000000,2,12,1,2,382.000000000,383.180000000,1192,20,10,1,381.900000000,383.200000000,23,500,1,1,381.880000000,383.300000000,10,120,1,3,381.800000000,383.420000000,12,140,1,1,TSLA
2025-01-03T10:30:03.588570182Z,2025-01-03T10:30:03.588403834Z,10,2,10888,A,B,0,420.730000000,200,130,166348,4828671,420.730000000,421.250000000,200,200,1,1,420.620000000,421.310000000,15,13,1,1,420.580000000,421.490000000,10,6,1,1,420.520000000,421.570000000,1,40,1,1,420.400000000,421.600000000,858,10,1,1,420.380000000,421.700000000,100,359,1,1,420.100000000,422.100000000,100,7,1,1,420.000000000,422.400000000,534,500,7,1,419.730000000,422.500000000,3,200,1,1,418.650000000,423.500000000,1,600,1,2,MSFT
2025-01-03T10:30:03.755984036Z,2025-01-03T10:30:03.755818009Z,10,2,6905,C,B,2,91.430000000,7,130,166027,4828716,91.480000000,91.940000000,150,7,1,1,91.440000000,92.000000000,100,100,1,1,90.000000000,93.000000000,122,1,1,1,89.000000000,94.000000000,1,1,1,1,83.810000000,95.000000000,100,2,1,2,83.400000000,96.000000000,100,1,1,1,,97.000000000,0,2,0,2,,99.950000000,0,100,0,1,,100.360000000,0,100,0,1,,,0,0,0,0,GILD
2025-01-03T10:30:03.756076738Z,2025-01-03T10:30:03.755910191Z,10,2,6905,A,B,1,91.440000000,7,130,166547,4828717,91.480000000,91.940000000,150,7,1,1,91.440000000,92.000000000,107,100,2,1,90.000000000,93.000000000,122,1,1,1,89.000000000,94.000000000,1,1,1,1,83.810000000,95.000000000,100,2,1,2,83.400000000,96.000000000,100,1,1,1,,97.000000000,0,2,0,2,,99.950000000,0,100,0,1,,100.360000000,0,100,0,1,,,0,0,0,0,GILD
2025-01-03T10:30:03.821263468Z,2025-01-03T10:30:03.821093055Z,10,2,10888,T,N,0,420.820000000,30,0,170413,4828735,420.730000000,421.250000000,200,200,1,1,420.620000000,421.310000000,15,13,1,1,420.580000000,421.490000000,10,6,1,1,420.520000000,421.570000000,1,40,1,1,420.400000000,421.600000000,858,10,1,1,420.380000000,421.700000000,100,359,1,1,420.100000000,422.100000000,100,7,1,1,420.000000000,422.400000000,534,500,7,1,419.730000000,422.500000000,3,200,1,1,418.650000000,423.500000000,1,600,1,2,MSFT
2025-01-03T10:30:03.821263468Z,2025-01-03T10:30:03.821093055Z,10,2,10888,T,N,0,420.810000000,30,0,170413,4828736,420.730000000,421.250000000,200,200,1,1,420.620000000,421.310000000,15,13,1,1,420.580000000,421.490000000,10,6,1,1,420.520000000,421.570000000,1,40,1,1,420.400000000,421.600000000,858,10,1,1,420.380000000,421.700000000,100,359,1,1,420.100000000,422.100000000,100,7,1,1,420.000000000,422.400000000,534,500,7,1,419.730000000,422.500000000,3,200,1,1,418.650000000,423.500000000,1,600,1,2,MSFT
2025-01-03T10:30:03.821263468Z,2025-01-03T10:30:03.821093055Z,10,2,10888,T,N,0,420.800000000,15,130,170413,4828737,420.730000000,421.250000000,200,200,1,1,420.620000000,421.310000000,15,13,1,1,420.580000000,421.490000000,10,6,1,1,420.520000000,421.570000000,1,40,1,1,420.400000000,421.600000000,858,10,1,1,420.380000000,421.700000000,100,359,1,1,420.100000000,422.100000000,100,7,1,1,420.000000000,422.400000000,534,500,7,1,419.730000000,422.500000000,3,200,1,1,418.650000000,423.500000000,1,600,1,2,MSFT
2025-01-03T10:30:03.821286995Z,2025-01-03T10:30:03.821120954Z,10,2,10888,A,A,0,421.030000000,1,130,166041,4828738,420.730000000,421.030000000,200,1,1,1,420.620000000,421.250000000,15,200,1,1,420.580000000,421.310000000,10,13,1,1,420.520000000,421.490000000,1,6,1,1,420.400000000,421.570000000,858,40,1,1,420.380000000,421.600000000,100,10,1,1,420.100000000,421.700000000,100,359,1,1,420.000000000,422.100000000,534,7,7,1,419.730000000,422.400000000,3,500,1,1,418.650000000,422.500000000,1,200,1,1,MSFT
2025-01-03T10:30:03.828453958Z,2025-01-03T10:30:03.828287771Z,10,2,10888,C,A,0,421.030000000,1,130,166187,4828740,420.730000000,421.250000000,200,200,1,1,420.620000000,421.310000000,15,13,1,1,420.580000000,421.490000000,10,6,1,1,420.520000000,421.570000000,1,40,1,1,420.400000000,421.600000000,858,10,1,1,420.380000000,421.700000000,100,359,1,1,420.100000000,422.100000000,100,7,1,1,420.000000000,422.400000000,534,500,7,1,419.730000000,422.500000000,3,200,1,1,418.650000000,423.500000000,1,600,1,2,MSFT
2025-01-03T10:30:03.830419044Z,2025-01-03T10:30:03.830252432Z,10,2,6905,A,A,1,91.970000000,7,130,166612,4828750,91.480000000,91.940000000,150,7,1,1,91.440000000,91.970000000,107,7,2,1,90.000000000,92.000000000,122,100,1,1,89.000000000,93.000000000,1,1,1,1,83.810000000,94.000000000,100,1,1,1,83.400000000,95.000000000,100,2,1,2,,96.000000000,0,1,0,1,,97.000000000,0,2,0,2,,99.950000000,0,100,0,1,,100.360000000,0,100,0,1,GILD
2025-01-03T10:30:03.832047679Z,2025-01-03T10:30:03.831881694Z,10,2,6905,C,A,0,91.940000000,7,130,165985,4828752,91.480000000,91.970000000,150,7,1,1,91.440000000,92.000000000,107,100,2,1,90.000000000,93.000000000,122,1,1,1,89.000000000,94.000000000,1,1,1,1,83.810000000,95.000000000,100,2,1,2,83.400000000,96.000000000,100,1,1,1,,97.000000000,0,2,0,2,,99.950000000,0,100,0,1,,100.360000000,0,100,0,1,,,0,0,0,0,GILD
2025-01-03T10:30:03.903014268Z,2025-01-03T10:30:03.902848062Z,10,2,11667,A,B,3,139.060000000,400,130,166206,4828774,139.120000000,139.180000000,30,500,1,2,139.110000000,139.200000000,1,129,1,1,139.080000000,139.210000000,57,400,1,1,139.060000000,139.220000000,400,10,1,1,139.030000000,139.230000000,126,325,2,4,139.010000000,139.250000000,100,1,1,1,139.000000000,139.270000000,420,17,5,1,138.980000000,139.300000000,300,507,1,4,138.970000000,139.320000000,800,39,2,1,138.940000000,139.330000000,400,503,1,2,NVDA
2025-01-03T10:30:03.907049524Z,2025-01-03T10:30:03.906883352Z,10,2,10888,C,B,0,420.730000000,200,130,166172,4828775,420.620000000,421.250000000,15,200,1,1,420.580000000,421.310000000,10,13,1,1,420.520000000,421.490000000,1,6,1,1,420.400000000,421.570000000,858,40,1,1,420.380000000,421.600000000,100,10,1,1,420.100000000,421.700000000,100,359,1,1,420.000000000,422.100000000,534,7,7,1,419.730000000,422.400000000,3,500,1,1,418.650000000,422.500000000,1,200,1,1,418.500000000,423.500000000,1,600,1,2,MSFT
2025-01-03T10:30:03.907063099Z,2025-01-03T10:30:03.906896961Z,10,2,10888,A,B,0,420.640000000,200,130,166138,4828776,420.640000000,421.250000000,200,200,1,1,420.620000000,421.310000000,15,13,1,1,420.580000000,421.490000000,10,6,1,1,420.520000000,421.570000000,1,40,1,1,420.400000000,421.600000000,858,10,1,1,420.380000000,421.700000000,100,359,1,1,420.100000000,422.100000000,100,7,1,1,420.000000000,422.400000000,534,500,7,1,419.730000000,422.500000000,3,200,1,1,418.650000000,423.500000000,1,600,1,2,MSFT
2025-01-03T10:30:03.950439050Z,2025-01-03T10:30:03.950272804Z,10,2,16244,A,B,1,382.700000000,50,130,166246,4828790,382.710000000,382.920000000,10,50,1,1,382.700000000,382.990000000,50,1,1,1,382.680000000,383.000000000,41,31,2,2,382.230000000,383.080000000,25,1,1,1,382.110000000,383.090000000,300,6,1,1,382.100000000,383.100000000,20,12,2,2,382.010000000,383.180000000,2,20,1,1,382.000000000,383.200000000,1192,500,10,1,381.900000000,383.300000000,23,120,1,3,381.880000000,383.420000000,10,140,1,1,TSLA
2025-01-03T10:30:03.990380400Z,2025-01-03T10:30:03.990211902Z,10,2,16244,T,N,0,382.820000000,40,0,168498,4828800,382.710000000,382.920000000,10,50,1,1,382.700000000,382.990000000,50,1,1,1,382.680000000,383.000000000,41,31,2,2,382.230000000,383.080000000,25,1,1,1,382.110000000,383.090000000,300,6,1,1,382.100000000,383.100000000,20,12,2,2,382.010000000,383.180000000,2,20,1,1,382.000000000,383.200000000,1192,500,10,1,381.900000000,383.300000000,23,120,1,3,381.880000000,383.420000000,10,140,1,1,TSLA
2025-01-03T10:30:03.990380400Z,2025-01-03T10:30:03.990211902Z,10,2,16244,T,N,0,382.820000000,30,130,168498,4828801,382.710000000,382.920000000,10,50,1,1,382.700000000,382.990000000,50,1,1,1,382.680000000,383.000000000,41,31,2,2,382.230000000,383.080000000,25,1,1,1,382.110000000,383.090000000,300,6,1,1,382.100000000,383.100000000,20,12,2,2,382.010000000,383.180000000,2,20,1,1,382.000000000,383.200000000,1192,500,10,1,381.900000000,383.300000000,23,120,1,3,381.880000000,383.420000000,10,140,1,1,TSLA
2025-01-03T10:30:04.220061184Z,2025-01-03T10:30:04.219895061Z,10,2,38,A,B,4,243.020000000,79,130,166123,4828877,243.500000000,243.650000000,6,61,1,2,243.460000000,243.680000000,400,200,1,1,243.390000000,243.740000000,27,26,1,1,243.190000000,244.000000000,2,1,1,1,243.020000000,244.200000000,79,1000,1,1,243.000000000,244.400000000,1233,50,8,1,242.990000000,244.420000000,1,10,1,1,242.750000000,244.580000000,30,100,1,1,242.590000000,245.000000000,5,79,1,2,242.280000000,245.190000000,100,83,1,1,AAPL
2025-01-03T10:30:04.242969217Z,2025-01-03T10:30:04.242802972Z,10,2,38,A,A,4,244.140000000,79,130,166245,4828899,243.500000000,243.650000000,6,61,1,2,243.460000000,243.680000000,400,200,1,1,243.390000000,243.740000000,27,26,1,1,243.190000000,244.000000000,2,1,1,1,243.020000000,244.140000000,79,79,1,1,243.000000000,244.200000000,1233,1000,8,1,242.990000000,244.400000000,1,50,1,1,242.750000000,244.420000000,30,10,1,1,242.590000000,244.580000000,5,100,1,1,242.280000000,245.000000000,100,79,1,2,AAPL
2025-01-03T10:30:04.269475318Z,2025-01-03T10:30:04.269309211Z,10,2,9155,A,B,6,239.890000000,82,130,166107,4828916,242.020000000,242.400000000,120,485,1,1,242.000000000,242.460000000,200,8,1,1,241.800000000,242.850000000,8,300,1,2,241.670000000,242.900000000,2,100,1,1,241.000000000,243.000000000,100,92,1,2,240.000000000,243.310000000,10,10,1,1,239.890000000,243.700000000,82,100,1,1,238.000000000,246.810000000,30,100,1,1,236.000000000,262.740000000,6,100,1,1,235.500000000,263.830000000,5,100,1,1,JPM
2025-01-03T10:30:04.293150837Z,2025-01-03T10:30:04.292982710Z,10,2,9155,T,N,0,242.040000000,79,0,168127,4828931,242.020000000,242.400000000,120,485,1,1,242.000000000,242.460000000,200,8,1,1,241.800000000,242.850000000,8,300,1,2,241.670000000,242.900000000,2,100,1,1,241.000000000,243.000000000,100,92,1,2,240.000000000,243.310000000,10,10,1,1,239.890000000,243.700000000,82,100,1,1,238.000000000,246.810000000,30,100,1,1,236.000000000,262.740000000,6,100,1,1,235.500000000,263.830000000,5,100,1,1,JPM
2025-01-03T10:30:04.293150837Z,2025-01-03T10:30:04.292982710Z,10,2,9155,T,N,0,242.030000000,3,130,168127,4828932,242.020000000,242.400000000,120,485,1,1,242.000000000,242.460000000,200,8,1,1,241.800000000,242.850000000,8,300,1,2,241.670000000,242.900000000,2,100,1,1,241.000000000,243.000000000,100,92,1,2,240.000000000,243.310000000,10,10,1,1,239.890000000,243.700000000,82,100,1,1,238.000000000,246.810000000,30,100,1,1,236.000000000,262.740000000,6,100,1,1,235.500000000,263.830000000,5,100,1,1,JPM
2025-01-03T10:30:04.293174757Z,2025-01-03T10:30:04.293007906Z,10,2,9155,A,A,0,242.220000000,1,130,166851,4828933,242.020000000,242.220000000,120,1,1,1,242.000000000,242.400000000,200,485,1,1,241.800000000,242.460000000,8,8,1,1,241.670000000,242.850000000,2,300,1,2,241.000000000,242.900000000,100,100,1,1,240.000000000,243.000000000,10,92,1,2,239.890000000,243.310000000,82,10,1,1,238.000000000,243.700000000,30,100,1,1,236.000000000,246.810000000,6,100,1,1,235.500000000,262.740000000,5,100,1,1,JPM
2025-01-03T10:30:04.297152370Z,2025-01-03T10:30:04.296986599Z,10,2,9155,C,A,0,242.220000000,1,130,165771,4828934,242.020000000,242.400000000,120,485,1,1,242.000000000,242.460000000,200,8,1,1,241.800000000,242.850000000,8,300,1,2,241.670000000,242.900000000,2,100,1,1,241.000000000,243.000000000,100,92,1,2,240.000000000,243.310000000,10,10,1,1,239.890000000,243.700000000,82,100,1,1,238.000000000,246.810000000,30,100,1,1,236.000000000,262.740000000,6,100,1,1,235.500000000,263.830000000,5,100,1,1,JPM
2025-01-03T10:30:04.380770527Z,2025-01-03T10:30:04.380604344Z,10,2,16727,A,B,2,313.740000000,62,130,166183,4829025,314.920000000,315.450000000,8,8,1,1,314.860000000,315.510000000,25,25,1,1,313.740000000,320.000000000,62,5,1,1,313.500000000,320.210000000,1,1,1,1,310.000000000,321.950000000,1,2,1,1,300.000000000,344.200000000,3,100,1,1,290.000000000,345.620000000,2,100,1,1,286.660000000,,100,0,1,0,285.250000000,,100,0,1,0,260.000000000,,2,0,1,0,V
2025-01-03T10:30:04.460011858Z,2025-01-03T10:30:04.459845703Z,10,2,16727,A,A,0,315.080000000,62,130,166155,4829057,314.920000000,315.080000000,8,62,1,1,314.860000000,315.450000000,25,8,1,1,313.740000000,315.510000000,62,25,1,1,313.500000000,320.000000000,1,5,1,1,310.000000000,320.210000000,1,1,1,1,300.000000000,321.950000000,3,2,1,1,290.000000000,344.200000000,2,100,1,1,286.660000000,345.620000000,100,100,1,1,285.250000000,,100,0,1,0,260.000000000,,2,0,1,0,V
2025-01-03T10:30:04.460043825Z,2025-01-03T10:30:04.459876835Z,10,2,16727,T,B,0,315.080000000,9,130,166990,4829058,314.920000000,315.080000000,8,62,1,1,314.860000000,315.450000000,25,8,1,1,313.740000000,315.510000000,62,25,1,1,313.500000000,320.000000000,1,5,1,1,310.000000000,320.210000000,1,1,1,1,300.000000000,321.950000000,3,2,1,1,290.000000000,344.200000000,2,100,1,1,286.660000000,345.620000000,100,100,1,1,285.250000000,,100,0,1,0,260.000000000,,2,0,1,0,V
2025-01-03T10:30:04.460043825Z,2025-01-03T10:30:04.459876835Z,10,2,16727,C,A,0,315.080000000,9,130,166990,4829058,314.920000000,315.080000000,8,53,1,1,314.860000000,315.450000000,25,8,1,1,313.740000000,315.510000000,62,25,1,1,313.500000000,320.000000000,1,5,1,1,310.000000000,320.210000000,1,1,1,1,300.000000000,321.950000000,3,2,1,1,290.000000000,344.200000000,2,100,1,1,286.660000000,345.620000000,100,100,1,1,285.250000000,,100,0,1,0,260.000000000,,2,0,1,0,V
2025-01-03T10:30:04.460424371Z,2025-01-03T10:30:04.460257198Z,10,2,16727,T,B,0,315.080000000,9,130,167173,4829061,314.920000000,315.080000000,8,53,1,1,314.860000000,315.450000000,25,8,1,1,313.740000000,315.510000000,62,25,1,1,313.500000000,320.000000000,1,5,1,1,310.000000000,320.210000000,1,1,1,1,300.000000000,321.950000000,3,2,1,1,290.000000000,344.200000000,2,100,1,1,286.660000000,345.620000000,100,100,1,1,285.250000000,,100,0,1,0,260.000000000,,2,0,1,0,V
2025-01-03T10:30:04.460424371Z,2025-01-03T10:30:04.460257198Z,10,2,16727,C,A,0,315.080000000,9,130,167173,4829061,314.920000000,315.080000000,8,44,1,1,314.860000000,315.450000000,25,8,1,1,313.740000000,315.510000000,62,25,1,1,313.500000000,320.000000000,1,5,1,1,310.000000000,320.210000000,1,1,1,1,300.000000000,321.950000000,3,2,1,1,290.000000000,344.200000000,2,100,1,1,286.660000000,345.620000000,100,100,1,1,285.250000000,,100,0,1,0,260.000000000,,2,0,1,0,V
2025-01-03T10:30:04.460464160Z,2025-01-03T10:30:04.460298124Z,10,2,16727,C,A,2,315.510000000,25,130,166036,4829062,314.920000000,315.080000000,8,44,1,1,314.860000000,315.450000000,25,8,1,1,313.740000000,320.000000000,62,5,1,1,313.500000000,320.210000000,1,1,1,1,310.000000000,321.950000000,1,2,1,1,300.000000000,344.200000000,3,100,1,1,290.000000000,345.620000000,2,100,1,1,286.660000000,,100,0,1,0,285.250000000,,100,0,1,0,260.000000000,,2,0,1,0,V
2025-01-03T10:30:04.461859934Z,2025-01-03T10:30:04.461692181Z,10,2,16727,T,B,0,315.080000000,22,130,167753,4829073,314.920000000,315.080000000,8,44,1,1,314.860000000,315.450000000,25,8,1,1,313.740000000,320.000000000,62,5,1,1,313.500000000,320.210000000,1,1,1,1,310.000000000,321.950000000,1,2,1,1,300.000000000,344.200000000,3,100,1,1,290.000000000,345.620000000,2,100,1,1,286.660000000,,100,0,1,0,285.250000000,,100,0,1,0,260.000000000,,2,0,1,0,V
2025-01-03T10:30:04.461859934Z,2025-01-03T10:30:04.461692181Z,10,2,16727,C,A,0,315.080000000,22,130,167753,4829073,314.920000000,315.080000000,8,22,1,1,314.860000000,315.450000000,25,8,1,1,313.740000000,320.000000000,62,5,1,1,313.500000000,320.210000000,1,1,1,1,310.000000000,321.950000000,1,2,1,1,300.000000000,344.200000000,3,100,1,1,290.000000000,345.620000000,2,100,1,1,286.660000000,,100,0,1,0,285.250000000,,100,0,1,0,260.000000000,,2,0,1,0,V
2025-01-03T10:30:04.461929824Z,2025-01-03T10:30:04.461762588Z,10,2,16727,T,B,0,315.080000000,22,130,167236,4829074,314.920000000,315.080000000,8,22,1,1,314.860000000,315.450000000,25,8,1,1,313.740000000,320.000000000,62,5,1,1,313.500000000,320.210000000,1,1,1,1,310.000000000,321.950000000,1,2,1,1,300.000000000,344.200000000,3,100,1,1,290.000000000,345.620000000,2,100,1,1,286.660000000,,100,0,1,0,285.250000000,,100,0,1,0,260.000000000,,2,0,1,0,V
2025-01-03T10:30:04.461929824Z,2025-01-03T10:30:04.461762588Z,10,2,16727,C,A,0,315.080000000,22,130,167236,4829074,314.920000000,315.450000000,8,8,1,1,314.860000000,320.000000000,25,5,1,1,313.740000000,320.210000000,62,1,1,1,313.500000000,321.950000000,1,2,1,1,310.000000000,344.200000000,1,100,1,1,300.000000000,345.620000000,3,100,1,1,290.000000000,,2,0,1,0,286.660000000,,100,0,1,0,285.250000000,,100,0,1,0,260.000000000,,2,0,1,0,V
2025-01-03T10:30:04.461973587Z,2025-01-03T10:30:04.461807794Z,10,2,16727,C,B,1,314.860000000,25,130,165793,4829075,314.920000000,315.450000000,8,8,1,1,313.740000000,320.000000000,62,5,1,1,313.500000000,320.210000000,1,1,1,1,310.000000000,321.950000000,1,2,1,1,300.000000000,344.200000000,3,100,1,1,290.000000000,345.620000000,2,100,1,1,286.660000000,,100,0,1,0,285.250000000,,100,0,1,0,260.000000000,,2,0,1,0,,,0,0,0,0,V
2025-01-03T10:30:04.462026241Z,2025-01-03T10:30:04.461859448Z,10,2,16727,A,A,1,315.490000000,2,130,166793,4829076,314.920000000,315.450000000,8,8,1,1,313.740000000,315.490000000,62,2,1,1,313.500000000,320.000000000,1,5,1,1,310.000000000,320.210000000,1,1,1,1,300.000000000,321.950000000,3,2,1,1,290.000000000,344.200000000,2,100,1,1,286.660000000,345.620000000,100,100,1,1,285.250000000,,100,0,1,0,260.000000000,,2,0,1,0,,,0,0,0,0,V
2025-01-03T10:30:04.472348190Z,2025-01-03T10:30:04.472182007Z,10,2,16727,C,A,1,315.490000000,2,130,166183,4829095,314.920000000,315.450000000,8,8,1,1,313.740000000,320.000000000,62,5,1,1,313.500000000,320.210000000,1,1,1,1,310.000000000,321.950000000,1,2,1,1,300.000000000,344.200000000,3,100,1,1,290.000000000,345.620000000,2,100,1,1,286.660000000,,100,0,1,0,285.250000000,,100,0,1,0,260.000000000,,2,0,1,0,,,0,0,0,0,V
2025-01-03T10:30:04.522073731Z,2025-01-03T10:30:04.521907191Z,10,2,17709,A,B,3,107.050000000,247,130,166540,4829130,107.620000000,107.880000000,16,400,1,2,107.600000000,107.940000000,50,15,1,1,107.580000000,107.950000000,100,10,1,1,107.050000000,108.000000000,247,150,1,2,107.000000000,108.300000000,1,50,1,1,106.240000000,108.550000000,28,50,1,1,106.000000000,108.800000000,15,50,2,1,105.870000000,108.880000000,141,28,1,1,103.180000000,109.450000000,16,137,1,1,103.000000000,109.500000000,3,100,1,1,XOM
2025-01-03T10:30:04.559271280Z,2025-01-03T10:30:04.559104695Z,10,2,16727,A,A,1,315.640000000,25,130,166585,4829285,314.920000000,315.450000000,8,8,1,1,313.740000000,315.640000000,62,25,1,1,313.500000000,320.000000000,1,5,1,1,310.000000000,320.210000000,1,1,1,1,300.000000000,321.950000000,3,2,1,1,290.000000000,344.200000000,2,100,1,1,286.660000000,345.620000000,100,100,1,1,285.250000000,,100,0,1,0,260.000000000,,2,0,1,0,,,0,0,0,0,V
2025-01-03T10:30:04.569272656Z,2025-01-03T10:30:04.569106382Z,10,2,16727,A,B,1,314.860000000,25,130,166274,4829287,314.920000000,315.450000000,8,8,1,1,314.860000000,315.640000000,25,25,1,1,313.740000000,320.000000000,62,5,1,1,313.500000000,320.210000000,1,1,1,1,310.000000000,321.950000000,1,2,1,1,300.000000000,344.200000000,3,100,1,1,290.000000000,345.620000000,2,100,1,1,286.660000000,,100,0,1,0,285.250000000,,100,0,1,0,260.000000000,,2,0,1,0,V
2025-01-03T10:30:04.606881827Z,2025-01-03T10:30:04.606715876Z,10,2,16244,C,A,7,383.200000000,500,130,165951,4829300,382.710000000,382.920000000,10,50,1,1,382.700000000,382.990000000,50,1,1,1,382.680000000,383.000000000,41,31,2,2,382.230000000,383.080000000,25,1,1,1,382.110000000,383.090000000,300,6,1,1,382.100000000,383.100000000,20,12,2,2,382.010000000,383.180000000,2,20,1,1,382.000000000,383.300000000,1192,120,10,3,381.900000000,383.420000000,23,140,1,1,381.880000000,383.600000000,10,1000,1,2,TSLA
2025-01-03T10:30:04.737046777Z,2025-01-03T10:30:04.736880296Z,10,2,17709,A,A,0,107.870000000,242,130,166481,4829338,107.620000000,107.870000000,16,242,1,1,107.600000000,107.880000000,50,400,1,2,107.580000000,107.940000000,100,15,1,1,107.050000000,107.950000000,247,10,1,1,107.000000000,108.000000000,1,150,1,2,106.240000000,108.300000000,28,50,1,1,106.000000000,108.550000000,15,50,2,1,105.870000000,108.800000000,141,50,1,1,103.180000000,108.880000000,16,28,1,1,103.000000000,109.450000000,3,137,1,1,XOM
2025-01-03T10:30:04.737093317Z,2025-01-03T10:30:04.736926334Z,10,2,17709,A,A,0,107.870000000,200,130,166983,4829339,107.620000000,107.870000000,16,442,1,2,107.600000000,107.880000000,50,400,1,2,107.580000000,107.940000000,100,15,1,1,107.050000000,107.950000000,247,10,1,1,107.000000000,108.000000000,1,150,1,2,106.240000000,108.300000000,28,50,1,1,106.000000000,108.550000000,15,50,2,1,105.870000000,108.800000000,141,50,1,1,103.180000000,108.880000000,16,28,1,1,103.000000000,109.450000000,3,137,1,1,XOM
2025-01-03T10:30:04.737102098Z,2025-01-03T10:30:04.736935870Z,10,2,17709,A,A,0,107.870000000,200,130,166228,4829340,107.620000000,107.870000000,16,642,1,3,107.600000000,107.880000000,50,400,1,2,107.580000000,107.940000000,100,15,1,1,107.050000000,107.950000000,247,10,1,1,107.000000000,108.000000000,1,150,1,2,106.240000000,108.300000000,28,50,1,1,106.000000000,108.550000000,15,50,2,1,105.870000000,108.800000000,141,50,1,1,103.180000000,108.880000000,16,28,1,1,103.000000000,109.450000000,3,137,1,1,XOM
2025-01-03T10:30:04.737106113Z,2025-01-03T10:30:04.736939951Z,10,2,17709,C,A,1,107.880000000,200,130,166162,4829341,107.620000000,107.870000000,16,642,1,3,107.600000000,107.880000000,50,200,1,1,107.580000000,107.940000000,100,15,1,1,107.050000000,107.950000000,247,10,1,1,107.000000000,108.000000000,1,150,1,2,106.240000000,108.300000000,28,50,1,1,106.000000000,108.550000000,15,50,2,1,105.870000000,108.800000000,141,50,1,1,103.180000000,108.880000000,16,28,1,1,103.000000000,109.450000000,3,137,1,1,XOM
2025-01-03T10:30:04.737115351Z,2025-01-03T10:30:04.736949299Z,10,2,17709,C,A,1,107.880000000,200,130,166052,4829342,107.620000000,107.870000000,16,642,1,3,107.600000000,107.940000000,50,15,1,1,107.580000000,107.950000000,100,10,1,1,107.050000000,108.000000000,247,150,1,2,107.000000000,108.300000000,1,50,1,1,106.240000000,108.550000000,28,50,1,1,106.000000000,108.800000000,15,50,2,1,105.870000000,108.880000000,141,28,1,1,103.180000000,109.450000000,16,137,1,1,103.000000000,109.500000000,3,100,1,1,XOM
2025-01-03T10:30:04.755280765Z,2025-01-03T10:30:04.755114565Z,10,2,11667,A,A,0,139.180000000,350,130,166200,4829343,139.120000000,139.180000000,30,850,1,3,139.110000000,139.200000000,1,129,1,1,139.080000000,139.210000000,57,400,1,1,139.060000000,139.220000000,400,10,1,1,139.030000000,139.230000000,126,325,2,4,139.010000000,139.250000000,100,1,1,1,139.000000000,139.270000000,420,17,5,1,138.980000000,139.300000000,300,507,1,4,138.970000000,139.320000000,800,39,2,1,138.940000000,139.330000000,400,503,1,2,NVDA
2025-01-03T10:30:04.999779808Z,2025-01-03T10:30:04.999613768Z,10,2,11667,A,B,0,139.150000000,100,130,166040,4829472,139.150000000,139.180000000,100,850,1,3,139.120000000,139.200000000,30,129,1,1,139.110000000,139.210000000,1,400,1,1,139.080000000,139.220000000,57,10,1,1,139.060000000,139.230000000,400,325,1,4,139.030000000,139.250000000,126,1,2,1,139.010000000,139.270000000,100,17,1,1,139.000000000,139.300000000,420,507,5,4,138.980000000,139.320000000,300,39,1,1,138.970000000,139.330000000,800,503,2,2,NVDA
2025-01-03T10:30:05.010222706Z,2025-01-03T10:30:05.010056894Z,10,2,11667,C,A,0,139.180000000,100,130,165812,4829485,139.150000000,139.180000000,100,750,1,2,139.120000000,139.200000000,30,129,1,1,139.110000000,139.210000000,1,400,1,1,139.080000000,139.220000000,57,10,1,1,139.060000000,139.230000000,400,325,1,4,139.030000000,139.250000000,126,1,2,1,139.010000000,139.270000000,100,17,1,1,139.000000000,139.300000000,420,507,5,4,138.980000000,139.320000000,300,39,1,1,138.970000000,139.330000000,800,503,2,2,NVDA
2025-01-03T10:30:05.094852174Z,2025-01-03T10:30:05.094685317Z,10,2,11667,A,A,0,139.180000000,100,130,166857,4829678,139.150000000,139.180000000,100,850,1,3,139.120000000,139.200000000,30,129,1,1,139.110000000,139.210000000,1,400,1,1,139.080000000,139.220000000,57,10,1,1,139.060000000,139.230000000,400,325,1,4,139.030000000,139.250000000,126,1,2,1,139.010000000,139.270000000,100,17,1,1,139.000000000,139.300000000,420,507,5,4,138.980000000,139.320000000,300,39,1,1,138.970000000,139.330000000,800,503,2,2,NVDA
2025-01-03T10:30:05.162258816Z,2025-01-03T10:30:05.162092385Z,10,2,11667,A,B,3,139.090000000,400,130,166431,4829722,139.150000000,139.180000000,100,850,1,3,139.120000000,139.200000000,30,129,1,1,139.110000000,139.210000000,1,400,1,1,139.090000000,139.220000000,400,10,1,1,139.080000000,139.230000000,57,325,1,4,139.030000000,139.250000000,126,1,2,1,139.010000000,139.270000000,100,17,1,1,139.000000000,139.300000000,420,507,5,4,138.980000000,139.320000000,300,39,1,1,138.970000000,139.330000000,800,503,2,2,NVDA
2025-01-03T10:30:06.185990302Z,2025-01-03T10:30:06.185824097Z,10,2,6905,C,A,1,92.000000000,100,130,166205,4830051,91.480000000,91.970000000,150,7,1,1,91.440000000,93.000000000,107,1,2,1,90.000000000,94.000000000,122,1,1,1,89.000000000,95.000000000,1,2,1,2,83.810000000,96.000000000,100,1,1,1,83.400000000,97.000000000,100,2,1,2,,99.950000000,0,100,0,1,,100.360000000,0,100,0,1,,,0,0,0,0,,,0,0,0,0,GILD
2025-01-03T10:30:06.186003068Z,2025-01-03T10:30:06.185836829Z,10,2,6905,A,A,1,92.080000000,100,130,166239,4830052,91.480000000,91.970000000,150,7,1,1,91.440000000,92.080000000,107,100,2,1,90.000000000,93.000000000,122,1,1,1,89.000000000,94.000000000,1,1,1,1,83.810000000,95.000000000,100,2,1,2,83.400000000,96.000000000,100,1,1,1,,97.000000000,0,2,0,2,,99.950000000,0,100,0,1,,100.360000000,0,100,0,1,,,0,0,0,0,GILD
2025-01-03T10:30:06.237519608Z,2025-01-03T10:30:06.237353811Z,10,2,6905,C,B,1,91.440000000,7,130,165797,4830079,91.480000000,91.970000000,150,7,1,1,91.440000000,92.080000000,100,100,1,1,90.000000000,93.000000000,122,1,1,1,89.000000000,94.000000000,1,1,1,1,83.810000000,95.000000000,100,2,1,2,83.400000000,96.000000000,100,1,1,1,,97.000000000,0,2,0,2,,99.950000000,0,100,0,1,,100.360000000,0,100,0,1,,,0,0,0,0,GILD
2025-01-03T10:30:06.237551751Z,2025-01-03T10:30:06.237385784Z,10,2,6905,C,A,0,91.970000000,7,130,165967,4830080,91.480000000,92.080000000,150,100,1,1,91.440000000,93.000000000,100,1,1,1,90.000000000,94.000000000,122,1,1,1,89.000000000,95.000000000,1,2,1,2,83.810000000,96.000000000,100,1,1,1,83.400000000,97.000000000,100,2,1,2,,99.950000000,0,100,0,1,,100.360000000,0,100,0,1,,,0,0,0,0,,,0,0,0,0,GILD
2025-01-03T10:30:06.237621402Z,2025-01-03T10:30:06.237455299Z,10,2,6905,A,B,0,91.520000000,7,130,166103,4830081,91.520000000,92.080000000,7,100,1,1,91.480000000,93.000000000,150,1,1,1,91.440000000,94.000000000,100,1,1,1,90.000000000,95.000000000,122,2,1,2,89.000000000,96.000000000,1,1,1,1,83.810000000,97.000000000,100,2,1,2,83.400000000,99.950000000,100,100,1,1,,100.360000000,0,100,0,1,,,0,0,0,0,,,0,0,0,0,GILD
2025-01-03T10:30:06.237681018Z,2025-01-03T10:30:06.237514743Z,10,2,6905,A,A,0,91.960000000,7,130,166275,4830082,91.520000000,91.960000000,7,7,1,1,91.480000000,92.080000000,150,100,1,1,91.440000000,93.000000000,100,1,1,1,90.000000000,94.000000000,122,1,1,1,89.000000000,95.000000000,1,2,1,2,83.810000000,96.000000000,100,1,1,1,83.400000000,97.000000000,100,2,1,2,,99.950000000,0,100,0,1,,100.360000000,0,100,0,1,,,0,0,0,0,GILD
2025-01-03T10:30:06.294008395Z,2025-01-03T10:30:06.293841778Z,10,2,6905,A,A,0,91.960000000,100,130,166617,4830147,91.520000000,91.960000000,7,107,1,2,91.480000000,93.000000000,150,1,1,1,91.440000000,94.000000000,100,1,1,1,90.000000000,95.000000000,122,2,1,2,89.000000000,96.000000000,1,1,1,1,83.810000000,97.000000000,100,2,1,2,83.400000000,99.950000000,100,100,1,1,,100.360000000,0,100,0,1,,,0,0,0,0,,,0,0,0,0,GILD
2025-01-03T10:30:06.365030641Z,2025-01-03T10:30:06.364865028Z,10,2,11667,C,A,0,139.180000000,100,130,165613,4830196,139.150000000,139.180000000,100,750,1,2,139.120000000,139.200000000,30,129,1,1,139.110000000,139.210000000,1,400,1,1,139.090000000,139.220000000,400,10,1,1,139.080000000,139.230000000,57,325,1,4,139.030000000,139.250000000,126,1,2,1,139.010000000,139.270000000,100,17,1,1,139.000000000,139.300000000,420,507,5,4,138.980000000,139.320000000,300,39,1,1,138.970000000,139.330000000,800,503,2,2,NVDA
2025-01-03T10:30:06.427101461Z,2025-01-03T10:30:06.426935397Z,10,2,11667,C,B,3,139.090000000,400,130,166064,4830265,139.150000000,139.180000000,100,750,1,2,139.120000000,139.200000000,30,129,1,1,139.110000000,139.210000000,1,400,1,1,139.080000000,139.220000000,57,10,1,1,139.030000000,139.230000000,126,325,2,4,139.010000000,139.250000000,100,1,1,1,139.000000000,139.270000000,420,17,5,1,138.980000000,139.300000000,300,507,1,4,138.970000000,139.320000000,800,39,2,1,138.940000000,139.330000000,400,503,1,2,NVDA
2025-01-03T10:30:06.427115114Z,2025-01-03T10:30:06.426948837Z,10,2,11667,A,B,4,139.060000000,400,130,166277,4830266,139.150000000,139.180000000,100,750,1,2,139.120000000,139.200000000,30,129,1,1,139.110000000,139.210000000,1,400,1,1,139.080000000,139.220000000,57,10,1,1,139.060000000,139.230000000,400,325,1,4,139.030000000,139.250000000,126,1,2,1,139.010000000,139.270000000,100,17,1,1,139.000000000,139.300000000,420,507,5,4,138.980000000,139.320000000,300,39,1,1,138.970000000,139.330000000,800,503,2,2,NVDA
2025-01-03T10:30:06.427146941Z,2025-01-03T10:30:06.426981136Z,10,2,11667,C,A,4,139.230000000,100,130,165805,4830267,139.150000000,139.180000000,100,750,1,2,139.120000000,139.200000000,30,129,1,1,139.110000000,139.210000000,1,400,1,1,139.080000000,139.220000000,57,10,1,1,139.060000000,139.230000000,400,225,1,3,139.030000000,139.250000000,126,1,2,1,139.010000000,139.270000000,100,17,1,1,139.000000000,139.300000000,420,507,5,4,138.980000000,139.320000000,300,39,1,1,138.970000000,139.330000000,800,503,2,2,NVDA
2025-01-03T10:30:06.427156882Z,2025-01-03T10:30:06.426990931Z,10,2,11667,C,A,4,139.230000000,100,130,165951,4830268,139.150000000,139.180000000,100,750,1,2,139.120000000,139.200000000,30,129,1,1,139.110000000,139.210000000,1,400,1,1,139.080000000,139.220000000,57,10,1,1,139.060000000,139.230000000,400,125,1,2,139.030000000,139.250000000,126,1,2,1,139.010000000,139.270000000,100,17,1,1,139.000000000,139.300000000,420,507,5,4,138.980000000,139.320000000,300,39,1,1,138.970000000,139.330000000,800,503,2,2,NVDA
2025-01-03T10:30:06.427168537Z,2025-01-03T10:30:06.427001727Z,10,2,11667,A,A,3,139.220000000,300,130,166810,4830269,139.150000000,139.180000000,100,750,1,2,139.120000000,139.200000000,30,129,1,1,139.110000000,139.210000000,1,400,1,1,139.080000000,139.220000000,57,310,1,2,139.060000000,139.230000000,400,25,1,1,139.030000000,139.250000000,126,1,2,1,139.010000000,139.270000000,100,17,1,1,139.000000000,139.300000000,420,507,5,4,138.980000000,139.320000000,300,39,1,1,138.970000000,139.330000000,800,503,2,2,NVDA
2025-01-03T10:30:06.437532528Z,2025-01-03T10:30:06.437366704Z,10,2,11667,C,B,4,139.060000000,400,130,165824,4830273,139.150000000,139.180000000,100,750,1,2,139.120000000,139.200000000,30,129,1,1,139.110000000,139.210000000,1,400,1,1,139.080000000,139.220000000,57,310,1,2,139.030000000,139.230000000,126,25,2,1,139.010000000,139.250000000,100,1,1,1,139.000000000,139.270000000,420,17,5,1,138.980000000,139.300000000,300,507,1,4,138.970000000,139.320000000,800,39,2,1,138.940000000,139.330000000,400,503,1,2,NVDA
2025-01-03T10:30:06.437545632Z,2025-01-03T10:30:06.437379738Z,10,2,11667,A,B,4,139.050000000,400,130,165894,4830274,139.150000000,139.180000000,100,750,1,2,139.120000000,139.200000000,30,129,1,1,139.110000000,139.210000000,1,400,1,1,139.080000000,139.220000000,57,310,1,2,139.050000000,139.230000000,400,25,1,1,139.030000000,139.250000000,126,1,2,1,139.010000000,139.270000000,100,17,1,1,139.000000000,139.300000000,420,507,5,4,138.980000000,139.320000000,300,39,1,1,138.970000000,139.330000000,800,503,2,2,NVDA
2025-01-03T10:30:06.774692794Z,2025-01-03T10:30:06.774526838Z,10,2,9155,C,B,2,241.800000000,8,130,165956,4830350,242.020000000,242.400000000,120,485,1,1,242.000000000,242.460000000,200,8,1,1,241.670000000,242.850000000,2,300,1,2,241.000000000,242.900000000,100,100,1,1,240.000000000,243.000000000,10,92,1,2,239.890000000,243.310000000,82,10,1,1,238.000000000,243.700000000,30,100,1,1,236.000000000,246.810000000,6,100,1,1,235.500000000,262.740000000,5,100,1,1,235.000000000,263.830000000,5,100,1,1,JPM
2025-01-03T10:30:06.774753754Z,2025-01-03T10:30:06.774587520Z,10,2,9155,A,B,2,241.850000000,8,130,166234,4830351,242.020000000,242.400000000,120,485,1,1,242.000000000,242.460000000,200,8,1,1,241.850000000,242.850000000,8,300,1,2,241.670000000,242.900000000,2,100,1,1,241.000000000,243.000000000,100,92,1,2,240.000000000,243.310000000,10,10,1,1,239.890000000,243.700000000,82,100,1,1,238.000000000,246.810000000,30,100,1,1,236.000000000,262.740000000,6,100,1,1,235.500000000,263.830000000,5,100,1,1,JPM
2025-01-03T10:30:06.964052546Z,2025-01-03T10:30:06.963886156Z,10,2,10888,A,B,0,420.710000000,200,130,166390,4830397,420.710000000,421.250000000,200,200,1,1,420.620000000,421.310000000,15,13,1,1,420.580000000,421.490000000,10,6,1,1,420.520000000,421.570000000,1,40,1,1,420.400000000,421.600000000,858,10,1,1,420.380000000,421.700000000,100,359,1,1,420.100000000,422.100000000,100,7,1,1,420.000000000,422.400000000,534,500,7,1,419.730000000,422.500000000,3,200,1,1,418.650000000,423.500000000,1,600,1,2,MSFT
2025-01-03T10:30:06.993322051Z,2025-01-03T10:30:06.993154037Z,10,2,11667,T,A,0,139.150000000,100,130,168014,4830408,139.150000000,139.180000000,100,750,1,2,139.120000000,139.200000000,30,129,1,1,139.110000000,139.210000000,1,400,1,1,139.080000000,139.220000000,57,310,1,2,139.050000000,139.230000000,400,25,1,1,139.030000000,139.250000000,126,1,2,1,139.010000000,139.270000000,100,17,1,1,139.000000000,139.300000000,420,507,5,4,138.980000000,139.320000000,300,39,1,1,138.970000000,139.330000000,800,503,2,2,NVDA
2025-01-03T10:30:06.993322051Z,2025-01-03T10:30:06.993154037Z,10,2,11667,C,B,0,139.150000000,100,130,168014,4830408,139.120000000,139.180000000,30,750,1,2,139.110000000,139.200000000,1,129,1,1,139.080000000,139.210000000,57,400,1,1,139.050000000,139.220000000,400,310,1,2,139.030000000,139.230000000,126,25,2,1,139.010000000,139.250000000,100,1,1,1,139.000000000,139.270000000,420,17,5,1,138.980000000,139.300000000,300,507,1,4,138.970000000,139.320000000,800,39,2,1,138.940000000,139.330000000,400,503,1,2,NVDA
2025-01-03T10:30:06.993366794Z,2025-01-03T10:30:06.993200468Z,10,2,11667,A,A,0,139.160000000,100,130,166326,4830411,139.120000000,139.160000000,30,100,1,1,139.110000000,139.180000000,1,750,1,2,139.080000000,139.200000000,57,129,1,1,139.050000000,139.210000000,400,400,1,1,139.030000000,139.220000000,126,310,2,2,139.010000000,139.230000000,100,25,1,1,139.000000000,139.250000000,420,1,5,1,138.980000000,139.270000000,300,17,1,1,138.970000000,139.300000000,800,507,2,4,138.940000000,139.320000000,400,39,1,1,NVDA
2025-01-03T10:30:06.993394472Z,2025-01-03T10:30:06.993228709Z,10,2,11667,C,B,3,139.050000000,400,130,165763,4830418,139.120000000,139.160000000,30,100,1,1,139.110000000,139.180000000,1,750,1,2,139.080000000,139.200000000,57,129,1,1,139.030000000,139.210000000,126,400,2,1,139.010000000,139.220000000,100,310,1,2,139.000000000,139.230000000,420,25,5,1,138.980000000,139.250000000,300,1,1,1,138.970000000,139.270000000,800,17,2,1,138.940000000,139.300000000,400,507,1,4,138.900000000,139.320000000,541,39,4,1,NVDA
2025-01-03T10:30:07.060095010Z,2025-01-03T10:30:07.059928623Z,10,2,11667,A,B,3,139.040000000,400,130,166387,4830542,139.120000000,139.160000000,30,100,1,1,139.110000000,139.180000000,1,750,1,2,139.080000000,139.200000000,57,129,1,1,139.040000000,139.210000000,400,400,1,1,139.030000000,139.220000000,126,310,2,2,139.010000000,139.230000000,100,25,1,1,139.000000000,139.250000000,420,1,5,1,138.980000000,139.270000000,300,17,1,1,138.970000000,139.300000000,800,507,2,4,138.940000000,139.320000000,400,39,1,1,NVDA
2025-01-03T10:30:07.060713410Z,2025-01-03T10:30:07.060547611Z,10,2,11667,C,B,3,139.040000000,400,130,165799,4830543,139.120000000,139.160000000,30,100,1,1,139.110000000,139.180000000,1,750,1,2,139.080000000,139.200000000,57,129,1,1,139.030000000,139.210000000,126,400,2,1,139.010000000,139.220000000,100,310,1,2,139.000000000,139.230000000,420,25,5,1,138.980000000,139.250000000,300,1,1,1,138.970000000,139.270000000,800,17,2,1,138.940000000,139.300000000,400,507,1,4,138.900000000,139.320000000,541,39,4,1,NVDA
2025-01-03T10:30:07.060956176Z,2025-01-03T10:30:07.060789964Z,10,2,11667,A,B,3,139.030000000,400,130,166212,4830544,139.120000000,139.160000000,30,100,1,1,139.110000000,139.180000000,1,750,1,2,139.080000000,139.200000000,57,129,1,1,139.030000000,139.210000000,526,400,3,1,139.010000000,139.220000000,100,310,1,2,139.000000000,139.230000000,420,25,5,1,138.980000000,139.250000000,300,1,1,1,138.970000000,139.270000000,800,17,2,1,138.940000000,139.300000000,400,507,1,4,138.900000000,139.320000000,541,39,4,1,NVDA
2025-01-03T10:30:07.119587464Z,2025-01-03T10:30:07.119420864Z,10,2,11667,A,B,3,139.040000000,400,130,166600,4830551,139.120000000,139.160000000,30,100,1,1,139.110000000,139.180000000,1,750,1,2,139.080000000,139.200000000,57,129,1,1,139.040000000,139.210000000,400,400,1,1,139.030000000,139.220000000,126,310,2,2,139.010000000,139.230000000,100,25,1,1,139.000000000,139.250000000,420,1,5,1,138.980000000,139.270000000,300,17,1,1,138.970000000,139.300000000,800,507,2,4,138.940000000,139.320000000,400,39,1,1,NVDA
2025-01-03T10:30:07.119603822Z,2025-01-03T10:30:07.119437338Z,10,2,11667,A,A,0,139.160000000,400,130,166484,4830552,139.120000000,139.160000000,30,500,1,2,139.110000000,139.180000000,1,350,1,1,139.080000000,139.200000000,57,129,1,1,139.040000000,139.210000000,400,400,1,1,139.030000000,139.220000000,126,310,2,2,139.010000000,139.230000000,100,25,1,1,139.000000000,139.250000000,420,1,5,1,138.980000000,139.270000000,300,17,1,1,138.970000000,139.300000000,800,507,2,4,138.940000000,139.320000000,400,39,1,1,NVDA
2025-01-03T10:30:07.130789364Z,2025-01-03T10:30:07.130623527Z,10,2,11667,C,A,0,139.160000000,400,130,165837,4830558,139.120000000,139.160000000,30,100,1,1,139.110000000,139.180000000,1,350,1,1,139.080000000,139.200000000,57,129,1,1,139.040000000,139.210000000,400,400,1,1,139.030000000,139.220000000,126,310,2,2,139.010000000,139.230000000,100,25,1,1,139.000000000,139.250000000,420,1,5,1,138.980000000,139.270000000,300,17,1,1,138.970000000,139.300000000,800,507,2,4,138.940000000,139.320000000,400,39,1,1,NVDA
2025-01-03T10:30:07.130801503Z,2025-01-03T10:30:07.130635263Z,10,2,11667,A,A,1,139.180000000,400,130,166240,4830559,139.120000000,139.160000000,30,100,1,1,139.110000000,139.180000000,1,750,1,2,139.080000000,139.200000000,57,129,1,1,139.040000000,139.210000000,400,400,1,1,139.030000000,139.220000000,126,310,2,2,139.010000000,139.230000000,100,25,1,1,139.000000000,139.250000000,420,1,5,1,138.980000000,139.270000000,300,17,1,1,138.970000000,139.300000000,800,507,2,4,138.940000000,139.320000000,400,39,1,1,NVDA
2025-01-03T10:30:07.233650000Z,2025-01-03T10:30:07.233483738Z,10,2,11667,A,B,3,139.060000000,400,130,166262,4830586,139.120000000,139.160000000,30,100,1,1,139.110000000,139.180000000,1,750,1,2,139.080000000,139.200000000,57,129,1,1,139.060000000,139.210000000,400,400,1,1,139.030000000,139.220000000,126,310,2,2,139.010000000,139.230000000,100,25,1,1,139.000000000,139.250000000,420,1,5,1,138.980000000,139.270000000,300,17,1,1,138.970000000,139.300000000,800,507,2,4,138.940000000,139.320000000,400,39,1,1,NVDA
2025-01-03T10:30:07.275180647Z,2025-01-03T10:30:07.275014613Z,10,2,9155,C,B,2,241.850000000,8,130,166034,4830631,242.020000000,242.400000000,120,485,1,1,242.000000000,242.460000000,200,8,1,1,241.670000000,242.850000000,2,300,1,2,241.000000000,242.900000000,100,100,1,1,240.000000000,243.000000000,10,92,1,2,239.890000000,243.310000000,82,10,1,1,238.000000000,243.700000000,30,100,1,1,236.000000000,246.810000000,6,100,1,1,235.500000000,262.740000000,5,100,1,1,235.000000000,263.830000000,5,100,1,1,JPM
2025-01-03T10:30:07.277712082Z,2025-01-03T10:30:07.277546370Z,10,2,16244,C,A,0,382.920000000,50,130,165712,4830632,382.710000000,382.990000000,10,1,1,1,382.700000000,383.000000000,50,31,1,2,382.680000000,383.080000000,41,1,2,1,382.230000000,383.090000000,25,6,1,1,382.110000000,383.100000000,300,12,1,2,382.100000000,383.180000000,20,20,2,1,382.010000000,383.300000000,2,120,1,3,382.000000000,383.420000000,1192,140,10,1,381.900000000,383.600000000,23,1000,1,2,381.880000000,383.720000000,10,7085,1,8,TSLA
2025-01-03T10:30:07.279202886Z,2025-01-03T10:30:07.279035713Z,10,2,16244,T,N,0,382.820000000,50,130,167173,4830638,382.710000000,382.990000000,10,1,1,1,382.700000000,383.000000000,50,31,1,2,382.680000000,383.080000000,41,1,2,1,382.230000000,383.090000000,25,6,1,1,382.110000000,383.100000000,300,12,1,2,382.100000000,383.180000000,20,20,2,1,382.010000000,383.300000000,2,120,1,3,382.000000000,383.420000000,1192,140,10,1,381.900000000,383.600000000,23,1000,1,2,381.880000000,383.720000000,10,7085,1,8,TSLA
2025-01-03T10:30:07.569789230Z,2025-01-03T10:30:07.569623437Z,10,2,11667,C,A,1,139.180000000,400,130,165793,4830735,139.120000000,139.160000000,30,100,1,1,139.110000000,139.180000000,1,350,1,1,139.080000000,139.200000000,57,129,1,1,139.060000000,139.210000000,400,400,1,1,139.030000000,139.220000000,126,310,2,2,139.010000000,139.230000000,100,25,1,1,139.000000000,139.250000000,420,1,5,1,138.980000000,139.270000000,300,17,1,1,138.970000000,139.300000000,800,507,2,4,138.940000000,139.320000000,400,39,1,1,NVDA
2025-01-03T10:30:07.569802470Z,2025-01-03T10:30:07.569636310Z,10,2,11667,A,A,2,139.190000000,400,130,166160,4830736,139.120000000,139.160000000,30,100,1,1,139.110000000,139.180000000,1,350,1,1,139.080000000,139.190000000,57,400,1,1,139.060000000,139.200000000,400,129,1,1,139.030000000,139.210000000,126,400,2,1,139.010000000,139.220000000,100,310,1,2,139.000000000,139.230000000,420,25,5,1,138.980000000,139.250000000,300,1,1,1,138.970000000,139.270000000,800,17,2,1,138.940000000,139.300000000,400,507,1,4,NVDA
2025-01-03T10:30:07.670932121Z,2025-01-03T10:30:07.670766129Z,10,2,16244,C,A,5,383.180000000,20,130,165992,4830771,382.710000000,382.990000000,10,1,1,1,382.700000000,383.000000000,50,31,1,2,382.680000000,383.080000000,41,1,2,1,382.230000000,383.090000000,25,6,1,1,382.110000000,383.100000000,300,12,1,2,382.100000000,383.300000000,20,120,2,3,382.010000000,383.420000000,2,140,1,1,382.000000000,383.600000000,1192,1000,10,2,381.900000000,383.720000000,23,7085,1,8,381.880000000,383.800000000,10,10,1,1,TSLA
2025-01-03T10:30:07.670995973Z,2025-01-03T10:30:07.670829865Z,10,2,16244,A,A,5,383.170000000,23,130,166108,4830772,382.710000000,382.990000000,10,1,1,1,382.700000000,383.000000000,50,31,1,2,382.680000000,383.080000000,41,1,2,1,382.230000000,383.090000000,25,6,1,1,382.110000000,383.100000000,300,12,1,2,382.100000000,383.170000000,20,23,2,1,382.010000000,383.300000000,2,120,1,3,382.000000000,383.420000000,1192,140,10,1,381.900000000,383.600000000,23,1000,1,2,381.880000000,383.720000000,10,7085,1,8,TSLA
2025-01-03T10:30:08.216651022Z,2025-01-03T10:30:08.216484848Z,10,2,11667,A,A,4,139.210000000,300,130,166174,4831009,139.120000000,139.160000000,30,100,1,1,139.110000000,139.180000000,1,350,1,1,139.080000000,139.190000000,57,400,1,1,139.060000000,139.200000000,400,129,1,1,139.030000000,139.210000000,126,700,2,2,139.010000000,139.220000000,100,10,1,1,139.000000000,139.230000000,420,25,5,1,138.980000000,139.250000000,300,1,1,1,138.970000000,139.270000000,800,17,2,1,138.940000000,139.300000000,400,507,1,4,NVDA
2025-01-03T10:30:08.411194124Z,2025-01-03T10:30:08.411028209Z,10,2,6905,C,A,0,91.960000000,7,130,165915,4831064,91.520000000,91.960000000,7,100,1,1,91.480000000,93.000000000,150,1,1,1,91.440000000,94.000000000,100,1,1,1,90.000000000,95.000000000,122,2,1,2,89.000000000,96.000000000,1,1,1,1,83.810000000,97.000000000,100,2,1,2,83.400000000,99.950000000,100,100,1,1,,100.360000000,0,100,0,1,,,0,0,0,0,,,0,0,0,0,GILD
2025-01-03T10:30:08.411227505Z,2025-01-03T10:30:08.411060654Z,10,2,6905,A,A,0,91.950000000,7,130,166851,4831065,91.520000000,91.950000000,7,7,1,1,91.480000000,91.960000000,150,100,1,1,91.440000000,93.000000000,100,1,1,1,90.000000000,94.000000000,122,1,1,1,89.000000000,95.000000000,1,2,1,2,83.810000000,96.000000000,100,1,1,1,83.400000000,97.000000000,100,2,1,2,,99.950000000,0,100,0,1,,100.360000000,0,100,0,1,,,0,0,0,0,GILD
2025-01-03T10:30:09.304793202Z,2025-01-03T10:30:09.304626558Z,10,2,11667,A,A,3,139.200000000,300,130,166644,4831279,139.120000000,139.160000000,30,100,1,1,139.110000000,139.180000000,1,350,1,1,139.080000000,139.190000000,57,400,1,1,139.060000000,139.200000000,400,429,1,2,139.030000000,139.210000000,126,400,2,1,139.010000000,139.220000000,100,10,1,1,139.000000000,139.230000000,420,25,5,1,138.980000000,139.250000000,300,1,1,1,138.970000000,139.270000000,800,17,2,1,138.940000000,139.300000000,400,507,1,4,NVDA
2025-01-03T10:30:10.199422075Z,2025-01-03T10:30:10.199255766Z,10,2,11667,A,A,1,139.180000000,400,130,166309,4831770,139.120000000,139.160000000,30,100,1,1,139.110000000,139.180000000,1,750,1,2,139.080000000,139.200000000,57,429,1,2,139.060000000,139.210000000,400,400,1,1,139.030000000,139.220000000,126,10,2,1,139.010000000,139.230000000,100,25,1,1,139.000000000,139.250000000,420,1,5,1,138.980000000,139.270000000,300,17,1,1,138.970000000,139.300000000,800,507,2,4,138.940000000,139.320000000,400,39,1,1,NVDA
2025-01-03T10:30:10.201749640Z,2025-01-03T10:30:10.201583364Z,10,2,6905,A,A,0,91.940000000,7,130,166276,4831781,91.520000000,91.940000000,7,7,1,1,91.480000000,91.950000000,150,7,1,1,91.440000000,91.960000000,100,100,1,1,90.000000000,93.000000000,122,1,1,1,89.000000000,94.000000000,1,1,1,1,83.810000000,95.000000000,100,2,1,2,83.400000000,96.000000000,100,1,1,1,,97.000000000,0,2,0,2,,99.950000000,0,100,0,1,,100.360000000,0,100,0,1,GILD
2025-01-03T10:30:10.201782906Z,2025-01-03T10:30:10.201616730Z,10,2,6905,C,A,1,91.950000000,7,130,166176,4831782,91.520000000,91.940000000,7,7,1,1,91.480000000,91.960000000,150,100,1,1,91.440000000,93.000000000,100,1,1,1,90.000000000,94.000000000,122,1,1,1,89.000000000,95.000000000,1,2,1,2,83.810000000,96.000000000,100,1,1,1,83.400000000,97.000000000,100,2,1,2,,99.950000000,0,100,0,1,,100.360000000,0,100,0,1,,,0,0,0,0,GILD
2025-01-03T10:30:10.345508644Z,2025-01-03T10:30:10.345342247Z,10,2,10888,A,A,0,421.240000000,200,130,166397,4832087,420.710000000,421.240000000,200,200,1,1,420.620000000,421.310000000,15,13,1,1,420.580000000,421.490000000,10,6,1,1,420.520000000,421.570000000,1,40,1,1,420.400000000,421.600000000,858,10,1,1,420.380000000,421.700000000,100,359,1,1,420.100000000,422.100000000,100,7,1,1,420.000000000,422.400000000,534,500,7,1,419.730000000,422.500000000,3,200,1,1,418.650000000,423.500000000,1,600,1,2,MSFT
2025-01-03T10:30:10.369437402Z,2025-01-03T10:30:10.369271365Z,10,2,9155,C,A,1,242.460000000,8,130,166037,4832197,242.020000000,242.400000000,120,485,1,1,242.000000000,242.850000000,200,300,1,2,241.670000000,242.900000000,2,100,1,1,241.000000000,243.000000000,100,92,1,2,240.000000000,243.310000000,10,10,1,1,239.890000000,243.700000000,82,100,1,1,238.000000000,246.810000000,30,100,1,1,236.000000000,262.740000000,6,100,1,1,235.500000000,263.830000000,5,100,1,1,235.000000000,,5,0,1,0,JPM
2025-01-03T10:30:10.369631449Z,2025-01-03T10:30:10.369465285Z,10,2,9155,A,A,1,242.450000000,8,130,166164,4832198,242.020000000,242.400000000,120,485,1,1,242.000000000,242.450000000,200,8,1,1,241.670000000,242.850000000,2,300,1,2,241.000000000,242.900000000,100,100,1,1,240.000000000,243.000000000,10,92,1,2,239.890000000,243.310000000,82,10,1,1,238.000000000,243.700000000,30,100,1,1,236.000000000,246.810000000,6,100,1,1,235.500000000,262.740000000,5,100,1,1,235.000000000,263.830000000,5,100,1,1,JPM
2025-01-03T10:30:10.536469163Z,2025-01-03T10:30:10.536300043Z,10,2,11667,A,B,0,139.130000000,100,130,169120,4832316,139.130000000,139.160000000,100,100,1,1,139.120000000,139.180000000,30,750,1,2,139.110000000,139.200000000,1,429,1,2,139.080000000,139.210000000,57,400,1,1,139.060000000,139.220000000,400,10,1,1,139.030000000,139.230000000,126,25,2,1,139.010000000,139.250000000,100,1,1,1,139.000000000,139.270000000,420,17,5,1,138.980000000,139.300000000,300,507,1,4,138.970000000,139.320000000,800,39,2,1,NVDA
2025-01-03T10:30:10.660625397Z,2025-01-03T10:30:10.660458845Z,10,2,11667,A,B,4,139.070000000,400,130,166552,4832390,139.130000000,139.160000000,100,100,1,1,139.120000000,139.180000000,30,750,1,2,139.110000000,139.200000000,1,429,1,2,139.080000000,139.210000000,57,400,1,1,139.070000000,139.220000000,400,10,1,1,139.030000000,139.230000000,126,25,2,1,139.010000000,139.250000000,100,1,1,1,139.000000000,139.270000000,420,17,5,1,138.980000000,139.300000000,300,507,1,4,138.970000000,139.320000000,800,39,2,1,NVDA
2025-01-03T10:30:10.737209607Z,2025-01-03T10:30:10.737042846Z,10,2,16244,A,B,0,382.710000000,19,130,166761,4832402,382.710000000,382.990000000,29,1,2,1,382.700000000,383.000000000,50,31,1,2,382.680000000,383.080000000,41,1,2,1,382.230000000,383.090000000,25,6,1,1,382.110000000,383.100000000,300,12,1,2,382.100000000,383.170000000,20,23,2,1,382.010000000,383.300000000,2,120,1,3,382.000000000,383.420000000,1192,140,10,1,381.900000000,383.600000000,23,1000,1,2,381.880000000,383.720000000,10,7085,1,8,TSLA
2025-01-03T10:30:11.289344571Z,2025-01-03T10:30:11.289178380Z,10,2,11667,C,A,0,139.160000000,100,130,166191,4832645,139.130000000,139.180000000,100,750,1,2,139.120000000,139.200000000,30,429,1,2,139.110000000,139.210000000,1,400,1,1,139.080000000,139.220000000,57,10,1,1,139.070000000,139.230000000,400,25,1,1,139.030000000,139.250000000,126,1,2,1,139.010000000,139.270000000,100,17,1,1,139.000000000,139.300000000,420,507,5,4,138.980000000,139.320000000,300,39,1,1,138.970000000,139.330000000,800,503,2,2,NVDA
2025-01-03T10:30:11.781248577Z,2025-01-03T10:30:11.781082075Z,10,2,9155,A,B,2,241.790000000,8,130,166502,4832800,242.020000000,242.400000000,120,485,1,1,242.000000000,242.450000000,200,8,1,1,241.790000000,242.850000000,8,300,1,2,241.670000000,242.900000000,2,100,1,1,241.000000000,243.000000000,100,92,1,2,240.000000000,243.310000000,10,10,1,1,239.890000000,243.700000000,82,100,1,1,238.000000000,246.810000000,30,100,1,1,236.000000000,262.740000000,6,100,1,1,235.500000000,263.830000000,5,100,1,1,JPM
2025-01-03T10:30:11.835567694Z,2025-01-03T10:30:11.835401498Z,10,2,17709,A,A,0,107.840000000,200,130,166196,4832807,107.620000000,107.840000000,16,200,1,1,107.600000000,107.870000000,50,642,1,3,107.580000000,107.940000000,100,15,1,1,107.050000000,107.950000000,247,10,1,1,107.000000000,108.000000000,1,150,1,2,106.240000000,108.300000000,28,50,1,1,106.000000000,108.550000000,15,50,2,1,105.870000000,108.800000000,141,50,1,1,103.180000000,108.880000000,16,28,1,1,103.000000000,109.450000000,3,137,1,1,XOM
2025-01-03T10:30:11.835579323Z,2025-01-03T10:30:11.835413325Z,10,2,17709,C,A,1,107.870000000,200,130,165998,4832808,107.620000000,107.840000000,16,200,1,1,107.600000000,107.870000000,50,442,1,2,107.580000000,107.940000000,100,15,1,1,107.050000000,107.950000000,247,10,1,1,107.000000000,108.000000000,1,150,1,2,106.240000000,108.300000000,28,50,1,1,106.000000000,108.550000000,15,50,2,1,105.870000000,108.800000000,141,50,1,1,103.180000000,108.880000000,16,28,1,1,103.000000000,109.450000000,3,137,1,1,XOM
2025-01-03T10:30:11.835602471Z,2025-01-03T10:30:11.835435170Z,10,2,17709,A,A,0,107.840000000,200,130,167301,4832809,107.620000000,107.840000000,16,400,1,2,107.600000000,107.870000000,50,442,1,2,107.580000000,107.940000000,100,15,1,1,107.050000000,107.950000000,247,10,1,1,107.000000000,108.000000000,1,150,1,2,106.240000000,108.300000000,28,50,1,1,106.000000000,108.550000000,15,50,2,1,105.870000000,108.800000000,141,50,1,1,103.180000000,108.880000000,16,28,1,1,103.000000000,109.450000000,3,137,1,1,XOM
2025-01-03T10:30:11.835613707Z,2025-01-03T10:30:11.835447909Z,10,2,17709,C,A,1,107.870000000,200,130,165798,4832810,107.620000000,107.840000000,16,400,1,2,107.600000000,107.870000000,50,242,1,1,107.580000000,107.940000000,100,15,1,1,107.050000000,107.950000000,247,10,1,1,107.000000000,108.000000000,1,150,1,2,106.240000000,108.300000000,28,50,1,1,106.000000000,108.550000000,15,50,2,1,105.870000000,108.800000000,141,50,1,1,103.180000000,108.880000000,16,28,1,1,103.000000000,109.450000000,3,137,1,1,XOM
2025-01-03T10:30:11.835735638Z,2025-01-03T10:30:11.835569567Z,10,2,17709,A,A,0,107.810000000,1,130,166071,4832811,107.620000000,107.810000000,16,1,1,1,107.600000000,107.840000000,50,400,1,2,107.580000000,107.870000000,100,242,1,1,107.050000000,107.940000000,247,15,1,1,107.000000000,107.950000000,1,10,1,1,106.240000000,108.000000000,28,150,1,2,106.000000000,108.300000000,15,50,2,1,105.870000000,108.550000000,141,50,1,1,103.180000000,108.800000000,16,50,1,1,103.000000000,108.880000000,3,28,1,1,XOM
2025-01-03T10:30:11.835749301Z,2025-01-03T10:30:11.835583202Z,10,2,17709,A,A,2,107.860000000,6,130,166099,4832812,107.620000000,107.810000000,16,1,1,1,107.600000000,107.840000000,50,400,1,2,107.580000000,107.860000000,100,6,1,1,107.050000000,107.870000000,247,242,1,1,107.000000000,107.940000000,1,15,1,1,106.240000000,107.950000000,28,10,1,1,106.000000000,108.000000000,15,150,2,2,105.870000000,108.300000000,141,50,1,1,103.180000000,108.550000000,16,50,1,1,103.000000000,108.800000000,3,50,1,1,XOM
2025-01-03T10:30:11.851172384Z,2025-01-03T10:30:11.851006434Z,10,2,17709,C,A,0,107.810000000,1,130,165950,4832818,107.620000000,107.840000000,16,400,1,2,107.600000000,107.860000000,50,6,1,1,107.580000000,107.870000000,100,242,1,1,107.050000000,107.940000000,247,15,1,1,107.000000000,107.950000000,1,10,1,1,106.240000000,108.000000000,28,150,1,2,106.000000000,108.300000000,15,50,2,1,105.870000000,108.550000000,141,50,1,1,103.180000000,108.800000000,16,50,1,1,103.000000000,108.880000000,3,28,1,1,XOM
2025-01-03T10:30:11.891172018Z,2025-01-03T10:30:11.891006039Z,10,2,17709,C,A,1,107.860000000,6,130,165979,4832827,107.620000000,107.840000000,16,400,1,2,107.600000000,107.870000000,50,242,1,1,107.580000000,107.940000000,100,15,1,1,107.050000000,107.950000000,247,10,1,1,107.000000000,108.000000000,1,150,1,2,106.240000000,108.300000000,28,50,1,1,106.000000000,108.550000000,15,50,2,1,105.870000000,108.800000000,141,50,1,1,103.180000000,108.880000000,16,28,1,1,103.000000000,109.450000000,3,137,1,1,XOM
2025-01-03T10:30:11.905170952Z,2025-01-03T10:30:11.905005052Z,10,2,17709,C,B,0,107.620000000,16,130,165900,4832838,107.600000000,107.840000000,50,400,1,2,107.580000000,107.870000000,100,242,1,1,107.050000000,107.940000000,247,15,1,1,107.000000000,107.950000000,1,10,1,1,106.240000000,108.000000000,28,150,1,2,106.000000000,108.300000000,15,50,2,1,105.870000000,108.550000000,141,50,1,1,103.180000000,108.800000000,16,50,1,1,103.000000000,108.880000000,3,28,1,1,102.000000000,109.450000000,2,137,1,1,XOM
2025-01-03T10:30:11.905302270Z,2025-01-03T10:30:11.905136191Z,10,2,17709,A,B,0,107.600000000,16,130,166079,4832839,107.600000000,107.840000000,66,400,2,2,107.580000000,107.870000000,100,242,1,1,107.050000000,107.940000000,247,15,1,1,107.000000000,107.950000000,1,10,1,1,106.240000000,108.000000000,28,150,1,2,106.000000000,108.300000000,15,50,2,1,105.870000000,108.550000000,141,50,1,1,103.180000000,108.800000000,16,50,1,1,103.000000000,108.880000000,3,28,1,1,102.000000000,109.450000000,2,137,1,1,XOM
2025-01-03T10:30:11.905384193Z,2025-01-03T10:30:11.905218334Z,10,2,17709,C,A,2,107.940000000,15,130,165859,4832840,107.600000000,107.840000000,66,400,2,2,107.580000000,107.870000000,100,242,1,1,107.050000000,107.950000000,247,10,1,1,107.000000000,108.000000000,1,150,1,2,106.240000000,108.300000000,28,50,1,1,106.000000000,108.550000000,15,50,2,1,105.870000000,108.800000000,141,50,1,1,103.180000000,108.880000000,16,28,1,1,103.000000000,109.450000000,3,137,1,1,102.000000000,109.500000000,2,100,1,1,XOM
2025-01-03T10:30:11.905445791Z,2025-01-03T10:30:11.905279739Z,10,2,17709,A,A,3,107.980000000,16,130,166052,4832841,107.600000000,107.840000000,66,400,2,2,107.580000000,107.870000000,100,242,1,1,107.050000000,107.950000000,247,10,1,1,107.000000000,107.980000000,1,16,1,1,106.240000000,108.000000000,28,150,1,2,106.000000000,108.300000000,15,50,2,1,105.870000000,108.550000000,141,50,1,1,103.180000000,108.800000000,16,50,1,1,103.000000000,108.880000000,3,28,1,1,102.000000000,109.450000000,2,137,1,1,XOM
2025-01-03T10:30:11.906590702Z,2025-01-03T10:30:11.906424798Z,10,2,17709,C,B,0,107.600000000,16,130,165904,4832842,107.600000000,107.840000000,50,400,1,2,107.580000000,107.870000000,100,242,1,1,107.050000000,107.950000000,247,10,1,1,107.000000000,107.980000000,1,16,1,1,106.240000000,108.000000000,28,150,1,2,106.000000000,108.300000000,15,50,2,1,105.870000000,108.550000000,141,50,1,1,103.180000000,108.800000000,16,50,1,1,103.000000000,108.880000000,3,28,1,1,102.000000000,109.450000000,2,137,1,1,XOM
2025-01-03T10:30:11.911608000Z,2025-01-03T10:30:11.911442010Z,10,2,17709,C,B,1,107.580000000,100,130,165990,4832846,107.600000000,107.840000000,50,400,1,2,107.050000000,107.870000000,247,242,1,1,107.000000000,107.950000000,1,10,1,1,106.240000000,107.980000000,28,16,1,1,106.000000000,108.000000000,15,150,2,2,105.870000000,108.300000000,141,50,1,1,103.180000000,108.550000000,16,50,1,1,103.000000000,108.800000000,3,50,1,1,102.000000000,108.880000000,2,28,1,1,101.000000000,109.450000000,1,137,1,1,XOM
2025-01-03T10:30:11.911621333Z,2025-01-03T10:30:11.911455260Z,10,2,17709,A,B,1,107.520000000,100,130,166073,4832847,107.600000000,107.840000000,50,400,1,2,107.520000000,107.870000000,100,242,1,1,107.050000000,107.950000000,247,10,1,1,107.000000000,107.980000000,1,16,1,1,106.240000000,108.000000000,28,150,1,2,106.000000000,108.300000000,15,50,2,1,105.870000000,108.550000000,141,50,1,1,103.180000000,108.800000000,16,50,1,1,103.000000000,108.880000000,3,28,1,1,102.000000000,109.450000000,2,137,1,1,XOM
2025-01-03T10:30:11.931102762Z,2025-01-03T10:30:11.930936773Z,10,2,16727,C,B,2,313.740000000,62,130,165989,4832860,314.920000000,315.450000000,8,8,1,1,314.860000000,315.640000000,25,25,1,1,313.500000000,320.000000000,1,5,1,1,310.000000000,320.210000000,1,1,1,1,300.000000000,321.950000000,3,2,1,1,290.000000000,344.200000000,2,100,1,1,286.660000000,345.620000000,100,100,1,1,285.250000000,,100,0,1,0,260.000000000,,2,0,1,0,,,0,0,0,0,V
2025-01-03T10:30:11.932221537Z,2025-01-03T10:30:11.932055607Z,10,2,9155,C,B,6,239.890000000,82,130,165930,4832861,242.020000000,242.400000000,120,485,1,1,242.000000000,242.450000000,200,8,1,1,241.790000000,242.850000000,8,300,1,2,241.670000000,242.900000000,2,100,1,1,241.000000000,243.000000000,100,92,1,2,240.000000000,243.310000000,10,10,1,1,238.000000000,243.700000000,30,100,1,1,236.000000000,246.810000000,6,100,1,1,235.500000000,262.740000000,5,100,1,1,235.000000000,263.830000000,5,100,1,1,JPM
2025-01-03T10:30:11.934057418Z,2025-01-03T10:30:11.933891178Z,10,2,11667,C,A,0,139.180000000,350,130,166240,4832863,139.130000000,139.180000000,100,400,1,1,139.120000000,139.200000000,30,429,1,2,139.110000000,139.210000000,1,400,1,1,139.080000000,139.220000000,57,10,1,1,139.070000000,139.230000000,400,25,1,1,139.030000000,139.250000000,126,1,2,1,139.010000000,139.270000000,100,17,1,1,139.000000000,139.300000000,420,507,5,4,138.980000000,139.320000000,300,39,1,1,138.970000000,139.330000000,800,503,2,2,NVDA
2025-01-03T10:30:12.005374229Z,2025-01-03T10:30:12.005207685Z,10,2,17709,C,A,3,107.980000000,16,130,166544,4832930,107.600000000,107.840000000,50,400,1,2,107.520000000,107.870000000,100,242,1,1,107.050000000,107.950000000,247,10,1,1,107.000000000,108.000000000,1,150,1,2,106.240000000,108.300000000,28,50,1,1,106.000000000,108.550000000,15,50,2,1,105.870000000,108.800000000,141,50,1,1,103.180000000,108.880000000,16,28,1,1,103.000000000,109.450000000,3,137,1,1,102.000000000,109.500000000,2,100,1,1,XOM
2025-01-03T10:30:12.028861621Z,2025-01-03T10:30:12.028694714Z,10,2,9155,T,N,0,242.030000000,12,130,166907,4832947,242.020000000,242.400000000,120,485,1,1,242.000000000,242.450000000,200,8,1,1,241.790000000,242.850000000,8,300,1,2,241.670000000,242.900000000,2,100,1,1,241.000000000,243.000000000,100,92,1,2,240.000000000,243.310000000,10,10,1,1,238.000000000,243.700000000,30,100,1,1,236.000000000,246.810000000,6,100,1,1,235.500000000,262.740000000,5,100,1,1,235.000000000,263.830000000,5,100,1,1,JPM
